1861 2682
240 232 302 262 316
613 231 840 263 HISTORIA
863 230 1229 262 ECCLESIASTICA

244 324 362 364 travit,
382 324 601 367 exploratum
618 327 670 356 est
688 323 775 356 altas
792 322 1007 355 idololatriae
1023 322 1182 355 tenebras
1200 325 1336 355 sanctos
1350 328 1494 356 conatus
1509 324 1600 357 senis

244 380 463 423 i1npediisse3
491 383 526 412 et
544 379 637 422 quod
663 377 916 411 Hirlandorum
941 377 1085 411 traditio
1110 377 1226 416 habet,
1251 377 1410 411 ancillam
1438 378 1605 413 Picticam

244 435 464 480 evangelium
483 434 683 467 enunciasse
701 434 739 466 in
757 433 944 466 Hirlandia
960 433 1120 476 primam,
1144 433 1178 465 id
1203 443 1274 466 non
1291 432 1359 466 nisi
1376 439 1456 477 post
1473 434 1605 469 Gutha-

244 491 327 535 goni
354 491 600 535 migrationem
627 490 728 523 annis
753 498 898 523 XXXVI.
926 489 1054 522 scilicet
1079 499 1170 522 anno
1195 488 1318 522 salutis
1336 498 1538 523 cccxxxv.
1565 496 1605 524 ut

246 547 454 585 Camdenus,
474 546 686 589 Campianus
704 550 784 579 ante
807 556 898 585 eum,
922 550 956 578 et
981 549 1129 588 utroque
1154 543 1335 588 posterior,
1362 545 1464 579 Joan.
1491 546 1604 580 Anto-

245 603 324 636 nius
356 602 545 647 Magiuus3
573 602 633 635 sed
657 601 725 635 ista
749 601 902 634 amentia
926 600 1024 634 Boiis
1049 601 1210 634 numellis
1237 605 1272 634 et
1297 603 1474 646 ergastulo
1500 603 1604 636 relin-

244 665 375 701 quitur.

736 753 771 786 S.
798 751 982 786 GRATA.
1035 750 1116 786 586.

244 826 277 859 S.
297 826 441 859 GRATA
459 826 571 871 virgo,
589 825 846 860 Ursulanarum
863 836 944 865 una,
970 836 1049 859 cum
1074 825 1151 858 aliis
1176 834 1288 868 passa,
1313 836 1392 862 cum
1416 826 1493 859 aliis
1511 836 1603 860 coro-

243 887 335 921 nata,
349 882 443 926 jacet
461 881 637 922 Coloniae,
654 886 695 915 ut
712 881 793 915 Ado
811 881 1030 915 Trevirensis
1049 886 1181 915 auctor.

292 938 400 972 Passa
417 948 508 972 anno
526 946 662 971 CDLIV.
681 938 807 971 colitur
823 938 878 971 die
896 947 982 971 XXI.
1002 937 1177 971 Octobris.

689 1050 724 1083 S.
751 1049 1023 1083 GREGORIA.
1075 1051 1156 1086 587.

243 1163 277 1195 S.
291 1162 518 1203 GREGORIA,
531 1161 624 1196 socia
637 1161 671 1195 S.
684 1161 846 1201 Ursulae,
865 1161 967 1194 Scota
984 1161 1116 1201 Scotae,
1135 1173 1153 1195 e
1171 1162 1296 1205 patria,
1316 1161 1353 1195 in
1366 1167 1484 1196 turma
1498 1163 1604 1195 unde-

243 1219 308 1251 cim
334 1219 484 1252 millium
511 1218 701 1263 virginum,
726 1229 875 1262 egressa,
901 1218 1064 1251 Coloniae
1087 1218 1296 1262 martyrium
1323 1218 1462 1257 meruit,
1488 1217 1604 1261 ibique

240 1276 342 1316 jacet.
394 1274 530 1308 Adonis
549 1274 857 1318 Martyrologiurn.

291 1330 398 1364 Passa
415 1331 537 1364 iisdem
555 1341 646 1364 anno
665 1334 699 1363 et
717 1330 784 1363 die.

667 1442 702 1476 S.
729 1441 1043 1476 GOLVENEUS.
1094 1443 1177 1475 588.

243 1556 276 1588 S.
305 1556 566 1594 GOLVENEUS,
588 1554 733 1588 eremita
759 1553 893 1593 Scotus,
915 1554 1065 1597 patriam
1092 1554 1262 1592 deserens,
1289 1554 1326 1586 in
1353 1554 1603 1592 Aremoricam,

245 1623 333 1655 quae
351 1617 470 1655 postea
489 1611 675 1646 Britannia
693 1610 823 1648 Minor,
849 1610 1000 1649 recessit,
1026 1620 1169 1654 seseque
1193 1614 1307 1643 totum
1334 1610 1427 1643 vitae
1452 1615 1603 1643 contem-

244 1669 393 1711 plativae
411 1668 578 1706 tradidit3
597 1667 656 1700 sed
672 1666 733 1699 diu
745 1667 859 1699 virtus
874 1670 972 1699 tanta
984 1667 1091 1699 latere
1104 1677 1174 1699 non
1188 1666 1314 1709 potuit,
1335 1677 1415 1699 nam
1431 1665 1466 1699 S.
1485 1665 1602 1704 Paulo,

244 1725 403 1768 episcopo
422 1723 606 1762 Leonensi,
624 1722 791 1766 deposito,
810 1722 918 1755 totius
937 1723 1017 1755 cleri
1042 1728 1076 1756 et
1099 1722 1219 1766 populi
1242 1732 1411 1755 concursu
1434 1722 1477 1755 ad
1501 1724 1602 1755 eccle-

244 1782 313 1813 siae
327 1781 482 1825 regimen
497 1783 651 1818 vocatus,
667 1779 698 1812 ei
713 1778 892 1812 successit:
910 1779 970 1818 ita,
985 1783 1123 1821 praeter
1136 1782 1318 1817 nostrateS‚
1332 1777 1471 1821 scripsit
1489 1778 1603 1811 Rena-

244 1843 300 1869 tus
330 1836 541 1869 Benedictus
569 1836 605 1868 in
630 1835 725 1868 Vitis
751 1834 812 1868 SS.
839 1833 982 1874 Galliae,
1014 1834 1152 1868 tabulae
1177 1834 1271 1867 illius
1297 1833 1398 1873 sedis,
1427 1833 1601 1868 Robertus

245 1893 404 1926 Coenalis
423 1893 465 1925 de
484 1892 537 1924 Re
555 1890 689 1924 Gallica
706 1891 765 1924 lib.
785 1899 826 1923 11.
845 1890 995 1933 perioch.
1015 1899 1068 1923 VI.
1119 1889 1266 1932 Scripsit

388 1948 526 1981 Laudes
544 1949 735 1980 multorum
753 1946 959 1979 Sanctorum
1159 1945 1218 1978 lib.
1240 1954 1264 1978 I.

388 2004 528 2037 Rituale
546 2003 722 2036 Ecclesiae
1160 2001 1219 2035 lib.
1241 2010 1264 2034 1.

293 2061 439 2093 Creatus
457 2059 638 2102 episcopus
657 2069 748 2091 anno
767 2066 829 2091 DC.
848 2058 973 2091 colitur
991 2065 1111 2090 XXIII.
1129 2056 1152 2090 J
1157 2057 1241 2091 unii.
1295 2056 1422 2090 Uvion.

671 2153 706 2187 S.
734 2151 1036 2187 GULIELMUS.
1088 2155 1170 2190 589.

246 2231 279 2262 S.
300 2229 554 2266 GULIELMUS,
578 2227 670 2271 regis
697 2226 733 2259 S.
759 2225 854 2259 Duffi
879 2225 982 2264 filius,
1014 2230 1191 2268 pertaesus
1218 2236 1334 2258 rerum
1360 2225 1602 2263 humanarum,

246 2291 284 2318 ut
301 2284 437 2318 facilius
454 2283 530 2317 Deo
553 2282 754 2322 deserviret,
780 2282 992 2316 eremiticam
1019 2281 1127 2314 vitam
1152 2281 1279 2326 elegit3
1306 2291 1410 2324 quam
1437 2292 1515 2314 cum
1542 2282 1603 2314 ali-
