1861 2682
595 252 766 284 GENTIS
792 249 1062 287 SCOTORUM,
1086 249 1174 280 LIB.
1197 249 1254 279 VI.
1525 250 1607 279 *287

297 346 459 379 Florebat
477 356 567 378 anno
587 353 792 378 Dcxxxm.
843 343 979 376 Colitur
998 333 1306 375 xxxijctobris.

604 455 837 490 ROGERUS
864 464 917 488 DE
945 453 1105 487 FEDIC.
1159 456 1240 490 539.

249 575 268 588 *⁶
286 570 479 603 Romanus
497 571 539 602 de
558 569 674 607 Fedic,
701 569 833 602 amicus
859 573 894 601 et
911 568 1053 600 clericus
1072 566 1095 598 J
1097 578 1127 599 o.
1147 566 1406 599 Dunkeldensis
1425 566 1605 609 episcopi‚''

248 631 287 659 ut
306 631 357 659 est
374 627 411 658 in
430 627 577 669 epistola
601 625 735 658 Urbani
755 624 822 657 III.
849 623 1021 667 pontificis
1043 623 1087 655 ad
1107 633 1223 667 regem
1249 621 1489 660 WVilhelmum,
1514 622 1606 664 apud

248 682 426 727 Rogerum
449 683 491 715 de
518 681 687 714 Hoveden
713 680 772 713 lib.
802 689 842 713 11.
868 679 1074 718 Annalium,
1101 683 1146 717 et,
1172 683 1212 711 ut
1238 684 1394 722 apparet,
1421 679 1458 711 in
1486 678 1605 711 eadem

247 749 351 771 causa
367 748 446 771 cum
463 738 623 782 episcopo
641 737 882 770 Dunkeldensi
900 736 943 769 ab
966 735 1117 780 Hugone
1141 734 1422 768 Sanctandreano
1449 734 1606 767 antistite

248 799 406 827 vexatus.
459 794 607 837 Scripsit

393 850 504 893 Super
522 850 636 882 Causa
653 848 911 882 Dunkeldensis
930 846 1095 891 Episcopi
1114 848 1158 881 ad
1177 847 1308 891 Papam
1406 847 1465 880 lib.
1486 855 1512 879 1.

294 906 429 940 Claruit
449 915 670 940 MCLxxxn.

594 1017 862 1052 ROBERTUS
890 1026 943 1050 DE
971 1017 1132 1051 FEDIC.
1185 1019 1266 1050 540.

250 1133 465 1166 ROBERTUS
491 1133 532 1165 de
559 1133 675 1170 Fedic,
702 1132 739 1164 in
764 1131 875 1164 literis
903 1130 1091 1164 Clementis
1110 1129 1178 1162 ΙΙΙ.
1208 1139 1317 1173 papae
1345 1131 1388 1162 ad
1415 1129 1611 1163 Jocelinum

250 1188 495 1222 Glascuensem
522 1188 721 1231 episcopum
748 1187 907 1220 Veronae
931 1187 1032 1225 datis,
1057 1186 1150 1229 apud
1169 1186 1316 1218 eundem
1336 1185 1506 1219 Hoveden
1531 1196 1610 1230 pag.

250 1253 407 1278 CCCLXI.
432 1245 571 1277 videtur
588 1244 679 1276 idem
698 1254 771 1276 esse
789 1254 868 1276 cum
886 1243 1074 1286 superiore,
1100 1253 1182 1274 nam
1209 1246 1230 1260 ‘⁶
1248 1247 1282 1275 et
1305 1243 1449 1275 clericus
1471 1248 1505 1275 et
1526 1243 1611 1275 ami-

249 1312 309 1334 cus
339 1300 485 1334 Joannis
513 1299 792 1332 Dunkeldensis’'
820 1299 958 1337 dicitur,
988 1302 1029 1331 ut
1060 1298 1171 1331 videri
1202 1298 1312 1341 possit
1340 1298 1473 1331 librarii
1503 1309 1610 1331 error.

249 1357 396 1400 Scripsit
1380 1356 1383 1359 ’

394 1412 447 1445 De
465 1411 580 1445 Causa
598 1411 856 1445 Dunkeldensis
874 1410 1042 1454 Episcopi
1060 1410 1104 1443 ad
1123 1409 1256 1453 Papam
1411 1410 1469 1443 lib.
1492 1419 1514 1442 1.

299 1468 436 1502 Floruit
455 1479 546 1501 anno
570 1476 792 1501 MCLXXXII.

623 1578 861 1613 ANDREAS
888 1579 1113 1613 FORMAN.
1166 1582 1248 1613 541.

249 1693 448 1726 ANDREAS
491 1691 656 1731 Forman,
704 1692 983 1735 archiepiscopus
1026 1693 1178 1735 primurn
1228 1693 1264 1725 in
1306 1694 1421 1736 patria
1465 1694 1499 1726 S.
1543 1693 1617 1726 An—

251 1750 352 1782 dreae
378 1757 444 1781 XL.
476 1749 648 1792 superatis
678 1747 814 1781 Joanne
846 1748 1051 1791 Hepburno,
1082 1749 1197 1792 priore
1225 1748 1260 1781 S.
1287 1748 1461 1788 Andreae,
1488 1754 1522 1782 et
1549 1749 1617 1782 Ga-

251 1806 334 1838 vino
364 1804 562 1850 Duglassio,
594 1805 649 1837 cui
680 1805 916 1847 episcopatum
952 1805 1243 1844 Murraviensem,
1275 1816 1379 1848 quem
1411 1806 1508 1848 prius
1539 1817 1617 1850 pos-

252 1862 398 1899 sederat,
432 1861 620 1899 concessit3
656 1866 733 1893 tum
764 1860 993 1893 Bituricensis
1023 1861 1061 1893 in
1091 1860 1205 1894 Gallia
1235 1862 1325 1895 sedit
1354 1873 1500 1896 numero
1534 1871 1614 1895 XCI.

253 1917 430 1950 Antonius
459 1916 739 1950 Monchiacenus.
768 1916 975 1950 Demochar.
1000 1922 1083 1950 tom.
1108 1926 1149 1950 11.
1173 1928 1247 1961 cap.
1269 1926 1368 1951 XXV.
1425 1918 1541 1963 Regni
1566 1930 1617 1951 re-

254 1983 339 2017 gens
357 1977 505 2012 creatus,
525 1984 603 2006 cum
625 1974 712 2006 (luce
737 1972 908 2006 Albaniae
934 1974 971 2006 in
997 1973 1182 2007 Franciam
1208 1974 1383 2017 profectus
1411 1974 1532 2008 foedus
1557 1986 1617 2008 an-

254 2030 392 2072 tiquum
418 2030 610 2062 renovavit.
666 2029 713 2062 Ei
739 2028 933 2062 Guliehnus
960 2028 1189 2063 Manderston
1214 2041 1318 2073 opera
1344 2042 1407 2064 sua
1432 2031 1614 2064 dedicavit.

253 2084 400 2128 Scripsit

398 2140 530 2173 Contra
548 2140 744 2174 Lutherum
1075 2142 1134 2175 lib.
1155 2152 1178 2175 Ι.
1232 2142 1396 2177 Meminit
1416 2142 1558 2176 Eckius.

401 2196 454 2229 De
472 2196 588 2229 Stoica
605 2197 831 2240 Philosophia
1076 2199 1135 2232 lib.
1157 2207 1180 2231 Ι.

401 2252 620 2286 Collectanea
638 2252 872 2286 Decretalium
1078 2255 1138 2288 lib.
1160 2264 1183 2287 1.

305 2309 405 2342 Obiit
424 2319 515 2342 anno
535 2317 687 2342 MDXXI.
712 2320 789 2343 cum
808 2310 908 2354 regni
926 2320 1048 2355 regens
1067 2317 1203 2344 creatus
1221 2311 1343 2345 fuisset
1361 2322 1452 2344 anno
1472 2319 1617 2344 Mval.

879 2367 899 2398 2
918 2374 945 2402 Q
