1861 2682
608 280 779 312 GENTIS
803 279 1073 317 SCOTORUM‚
1099 279 1187 311 LIB.
1211 280 1237 311 Ι.
1574 279 1609 308 6]

254 373 330 406 dem
349 374 432 407 foris
451 374 640 417 amplexus.
692 373 782 417 Ejus
800 378 892 413 sunt,
910 377 998 407 teste
1016 372 1232 406 Bibliotheca
1248 370 1477 404 Germanica:

397 429 450 463 De
466 428 694 463 Authoritate
711 428 818 462 Verbi
835 429 901 463 Dei
920 429 1085 462 adversus
1105 426 1355 472 [Episcopum]

445 485 678 524 Lundensem,
698 485 875 518 Friderico
892 484 982 518 Duci
1000 483 1180 522 Saxoniae,
1218 483 1278 516 lib.
1298 492 1323 515 1.

397 541 656 574 Commentaria
672 541 709 574 in
727 540 771 573 D.
789 540 934 574 Joannis
953 539 1091 584 Evang.
1217 539 1276 572 lib.
1296 547 1320 571 1.

396 595 449 629 De
467 596 587 635 Missa,
605 602 639 630 et
657 596 772 630 Coena
788 596 942 635 Domini,
960 595 1110 639 Lipsiae,
1219 595 1278 628 lib.
1298 603 1322 628 1.

400 651 584 695 Expositio
603 651 820 685 Psalmorum
1221 651 1281 684 lib.
1302 659 1326 684 Ι.

398 706 592 750 Responsio
605 708 771 741 adversus
785 708 968 740 Ruardum
983 707 1184 750 Tapperum
1221 707 1280 740 lib.
1300 715 1324 739 1.

254 763 305 797 Et
321 764 388 797 alia
406 763 442 795 in
460 762 678 796 Bibliotheca
695 763 857 803 Classica,
877 763 1003 806 quibus
1020 763 1130 805 liquet
1147 773 1216 796 non
1234 763 1412 796 indoctum
1429 762 1547 797 fuisse.

300 819 427 852 Pulsus
445 823 497 852 est
513 818 628 852 Scotia
645 829 736 852 anno
755 827 885 852 MDXL.
903 818 989 852 obiit
1007 829 1089 851 vero
1106 819 1229 851 aetatis
1248 829 1329 851 suae
1354 829 1445 852 anno
1464 827 1610 851 LXXIII.

253 875 289 907 in
307 875 481 908 academia
497 874 672 917 Lipsiensi
692 883 791 907 XVII.
811 874 944 913 Martii,
963 882 1059 907 XXV.
1078 885 1169 907 anno
1187 875 1240 907 sui
1259 874 1365 913 exilii,
1383 874 1419 907 id
1436 879 1498 914 est,
1523 885 1613 908 anno

255 938 412 962 MDLXV.
431 934 472 963 ut
489 930 650 963 observat
667 929 790 963 Aelius
812 929 1013 962 Reusnerus
1036 930 1073 962 in
1096 929 1215 963 Indice
1239 930 1502 975 Chronologico.
1554 930 1616 962 Di-

254 986 344 1018 citur
361 986 487 1019 eximio
505 985 591 1018 inibi
614 986 820 1019 honestatus
843 985 1030 1028 epitaphio,
1054 985 1113 1018 sed
1136 996 1200 1019 nos
1226 986 1294 1019 alio
1317 985 1374 1019 hic
1397 987 1478 1020 orbe
1502 987 1615 1031 ignari

255 1041 376 1074 talium
395 1042 560 1075 vivimus.

536 1154 804 1188 ROBERTUS
829 1153 1198 1188 ARCHIBALDUS.
1253 1156 1331 1188 110.

255 1265 470 1298 ROBERTUS
495 1264 741 1304 Archibaldus,
767 1266 870 1298 domo
894 1265 1206 1306 Sanctandreanus,
1233 1265 1442 1300 Lutetianus
1468 1267 1617 1311 philoso-

254 1320 355 1363 phiae
372 1320 555 1363 professor,
573 1320 633 1354 ubi
651 1331 779 1366 magno
797 1321 997 1354 auditorum
1015 1331 1184 1354 concursu
1202 1323 1454 1363 celeberrimus,
1477 1323 1506 1356 si
1525 1324 1616 1368 quis-

254 1387 358 1419 quam
375 1376 475 1416 alius,
494 1377 644 1420 scripsit,
662 1377 755 1420 quod
772 1377 816 1411 ad
834 1387 957 1410 manus
975 1387 1068 1410 meas
1086 1377 1276 1417 devenerit,

397 1432 451 1465 De
468 1433 614 1478 Origine
632 1433 878 1476 Philosophiae
1220 1433 1279 1467 lib.
1300 1442 1325 1467 Ι.

398 1487 452 1521 De
469 1487 651 1533 Dignitate
669 1488 914 1532 Philosophiae
1223 1489 1282 1523 lib.
1303 1499 1327 1523 1.

399 1543 453 1577 De
471 1543 636 1577 Partibus
654 1543 899 1588 Philosophiae
1226 1546 1285 1579 lib.
1306 1555 1330 1579 1.

302 1599 433 1633 Docere
459 1600 587 1643 incepit
613 1610 703 1633 anno
730 1608 953 1633 MDLxxvn.
980 1604 1021 1634 ut
1045 1604 1220 1635 testantur
1244 1607 1321 1636 acta
1346 1602 1448 1637 MSS.
1468 1604 1617 1639 nationis

255 1655 478 1689 Germanicae
495 1655 623 1689 ibidem
642 1656 707 1689 loci
725 1656 768 1689 ad
785 1655 864 1690 DD.
884 1655 1001 1690 Cosmi
1019 1661 1054 1690 et
1070 1656 1235 1691 Damiani
1253 1664 1440 1693 asservata.

535 1823 745 1858 ADAMUS
770 1823 1198 1860 ABRENETHAEUS.
1251 1830 1268 1860 1
1275 1830 1292 1860 1
1300 1830 1316 1860 1
1323 1852 1331 1860 .

259 1934 434 1967 ADAMUS
447 1934 712 1970 Abrenethaeus
726 1936 1027 1982 EdimburgensiS,
1042 1937 1171 1972 Graece
1185 1938 1380 1983 Latineque
1393 1941 1436 1973 ad
1449 1941 1617 1976 invidiam

258 1991 311 2023 sui
336 1992 440 2023 seculi
463 1991 594 2030 doctus,
617 1992 864 2036 philosophicis
888 1993 993 2037 juxta
1018 2005 1057 2026 ac
1079 1994 1344 2029 humanioribus
1367 1997 1477 2030 literis
1501 2008 1619 2032 cumu-

258 2047 326 2079 late
344 2047 545 2086 instructus,
572 2058 700 2092 magna
723 2049 854 2093 ingenii
878 2050 1094 2089 claritudine,
1119 2051 1178 2083 sed
1202 2051 1331 2084 infelici
1355 2057 1447 2086 sorte
1470 2054 1621 2097 philoso-

258 2102 377 2145 phiam
400 2107 452 2135 est
474 2102 649 2145 professus
673 2103 840 2137 Nemausi
863 2104 1145 2139 Arecomicorum
1168 2107 1205 2140 in
1228 2106 1356 2147 Volcis,
1380 2109 1492 2143 socius
1514 2111 1618 2144 etiam

257 2169 413 2191 meorum
431 2158 517 2191 inibi
535 2159 704 2198 laborum,
722 2165 756 2192 et
783 2170 894 2194 comes
917 2162 1082 2195 candidus
1105 2163 1342 2207 cujuscunque
1367 2164 1537 2205 fortunae,
1564 2178 1620 2200 ex-

259 2214 338 2246 inde
356 2213 471 2258 Lyceo
490 2214 675 2257 Monspelii
693 2216 920 2258 praepositus,
945 2217 1109 2251 doctorali
1128 2219 1165 2252 in
1182 2219 1353 2254 medicina
1375 2221 1492 2255 laurea
1514 2223 1619 2255 dona-

257 2274 325 2303 tus.
377 2269 468 2314 Ejus
485 2270 569 2303 haec
587 2271 630 2303 ad
649 2281 771 2304 manus
791 2282 884 2305 meas
902 2278 1073 2306 venerunt
1088 2284 1096 2307 ε

401 2325 619 2370 Triumphus
638 2325 852 2367 Britanniae,
873 2338 975 2361 versu
992 2333 1026 2362 et
1043 2340 1157 2373 prosa,
1229 2331 1287 2365 lib.
1309 2340 1332 2364 Ι.
