1861 2682
263 286 323 316 146
640 284 864 316 HISTORIA
888 283 1251 315 ECCLESIASTICA

265 386 375 411 Dece.
402 377 561 410 Donatus
587 376 721 414 Scotus,
752 376 931 418 episcopus
961 375 1154 412 Bobiensis,
1181 373 1355 407 exstruxit
1381 373 1555 406 ecclesiam
1582 374 1616 407 S.

265 433 430 477 Brigidae
448 432 650 469 Placentiae,
663 436 697 463 et
712 431 909 474 adsignavit
924 430 1132 462 monasterio
1147 429 1181 461 S.
1196 429 1414 466 Columbani,
1426 439 1495 460 non
1508 430 1619 461 solum

265 500 382 522 amore
399 488 476 526 Dei,
495 488 553 520 sed
571 488 674 520 etiam
693 487 775 529 quia
793 485 828 518 S.
848 485 1082 518 Columbanus
1100 484 1267 517 oriundus
1286 488 1359 517 erat
1383 495 1425 516 ex
1450 484 1620 517 Hibernia

266 545 402 577 Scotiae
419 543 563 576 insula.''
611 543 746 575 Auctor
763 542 965 586 peregrinus
983 541 1069 573 falso
1086 540 1225 582 putavit
1244 539 1450 572 Hiberniam
1468 551 1507 573 eo
1525 551 1619 573 secu-

264 602 296 633 lo
325 600 477 639 Scoticae
505 599 611 632 fuisse
638 599 801 637 ditionis3
834 602 868 630 et
896 597 982 629 illud
1012 607 1092 628 sane
1127 600 1262 628 constat
1287 595 1475 634 Donatum,
1507 595 1621 628 Scotia

265 656 461 694 oriundum,
492 655 577 687 illud
608 654 731 686 honori
759 654 888 691 divino,
916 657 949 685 et
976 652 1108 694 patriae
1138 662 1219 684 suae
1247 657 1449 685 ornamento
1475 652 1619 690 dedisse,

263 717 304 744 ut
336 711 394 744 SS.
423 711 590 754 Brigidae
620 714 653 742 et
681 709 886 741 Coluinbani
914 707 1114 740 memoriam
1145 711 1346 746 revocaret3
1381 719 1529 750 quorum
1563 709 1622 740 ina

264 769 300 800 in
334 767 448 799 Scotia
478 766 553 808 ipsa
583 765 791 802 continente,
821 764 876 796 hic
906 765 943 796 in
970 764 1092 796 insulis
1122 763 1335 796 Hebridibus
1366 763 1498 796 Scotiae
1528 765 1622 807 adja-

264 824 430 861 centibuS,
456 826 490 854 et
517 821 668 853 Scoticae
694 831 829 862 semper
854 820 1006 859 ditionis,
1035 820 1102 852 orti
1126 823 1250 852 essent.
1299 819 1352 852 De
1378 821 1442 853 hoc
1469 820 1621 852 testimo-

265 880 367 912 nium
401 877 575 914 haeretici,
603 876 736 919 patriae
766 886 861 908 meae
892 875 1027 914 infensi,
1064 875 1228 908 Gulielmi
1259 875 1424 908 Camdeni
1452 876 1489 908 in
1516 875 1622 908 Dam-

269 935 393 971 noniis,
412 943 472 966 seu
489 932 686 970 Cornualia,
712 943 791 975 pag.
811 940 939 964 CXXII.
968 936 988 950 ‘⁶
1006 931 1184 974 Oppidum
1210 932 1455 964 mercatorium
1482 931 1622 964 Colum-

263 990 343 1023 bani
363 990 466 1027 Scoti,
485 989 553 1020 viri
573 988 792 1025 sanctissimi,
811 988 996 1020 memoriae
1019 992 1252 1020 consecratum
1276 986 1402 1020 sedet.’'
1445 987 1486 1019 Id
1501 987 1622 1020 asserit

265 1046 427 1078 fidentius
460 1045 514 1077 vir
546 1045 624 1087 pius
655 1047 689 1075 et
717 1043 915 1075 Catholicus
949 1043 1165 1086 Fridegodus
1199 1044 1237 1075 in
1273 1042 1357 1075 Vita
1391 1042 1426 1075 S.
1461 1042 1622 1075 Audoeni

264 1102 357 1144 apud
386 1101 526 1133 Surium
558 1105 641 1132 tom.
670 1107 722 1130 IV.
755 1110 832 1143 pag.
861 1107 1041 1131 CCLXXII.
1074 1103 1094 1117 ‘⁶
1120 1090 1182 1131 Vir
1213 1098 1288 1130 Deo
1314 1098 1458 1131 dilectus
1484 1097 1623 1131 Colum-

264 1158 384 1195 banus,
399 1167 522 1201 genere
537 1155 689 1188 Scotus.'’
717 1154 863 1187 Arnoid.
879 1155 995 1188 Uvion
1009 1154 1067 1187 lib.
1083 1163 1118 1187 V.
1131 1166 1204 1198 cap.
1222 1163 1276 1187 XI.
1293 1158 1313 1173 “
1324 1153 1374 1187 Et
1386 1154 1467 1186 tulit
1481 1165 1516 1186 se
1530 1159 1623 1197 post-

263 1214 405 1246 modum
423 1213 506 1245 ordo
524 1211 771 1244 Benedictinus
790 1211 825 1242 in
844 1210 994 1243 Scotiam
1012 1210 1248 1254 Angliamque
1287 1233 1478 1243 ......
1512 1220 1530 1241 e
1547 1210 1622 1252 qui-

264 1270 327 1302 bus
352 1270 394 1302 ad
412 1268 655 1312 Bul-gundicas
675 1265 807 1299 Galliae
825 1272 939 1309 partes
965 1267 1000 1299 S.
1025 1266 1260 1299 Columbanus
1285 1266 1500 1299 ascendens-’⁹
1550 1265 1623 1298 Nec

264 1336 346 1358 vero
365 1324 528 1357 Hirlandi
547 1324 713 1360 exultent,
733 1322 761 1354 si
786 1322 820 1354 S.
840 1322 947 1354 Jonas
970 1321 1103 1360 Scotus,
1128 1323 1164 1354 in
1182 1321 1276 1360 Vita,
1301 1332 1380 1354 eum
1405 1322 1442 1354 in
1466 1321 1622 1365 Lagenia

267 1386 388 1414 natum
419 1381 521 1416 dicat,
550 1389 630 1410 narn
662 1388 729 1409 vox
757 1382 930 1419 corrupta,
961 1381 993 1409 et
1022 1377 1204 1410 dicendum
1235 1377 1399 1415 Ladenia,
1429 1388 1511 1409 nam
1541 1376 1623 1410 Pto-

266 1438 419 1469 lomaeus
450 1435 508 1468 lib.
542 1443 582 1466 11.
612 1433 681 1466 tab.
714 1441 772 1465 111.
802 1433 838 1465 in
861 1432 1009 1465 Albione
1038 1434 1128 1466 locat
1152 1432 1322 1472 Gadenos,
1349 1434 1409 1475 qui
1428 1430 1563 1472 Γαδηνοῖ,
1589 1438 1623 1466 et

263 1504 333 1525 uno
362 1493 530 1524 elemento
559 1494 694 1522 mutato
720 1489 846 1521 rectius
872 1488 1016 1527 Ladeni,
1043 1499 1134 1521 nunc
1162 1488 1331 1527 Laudien,
1361 1490 1397 1521 in
1428 1500 1496 1532 qua
1526 1489 1621 1533 regia

267 1548 528 1591 Edimburgus:
547 1550 650 1588 atque
664 1545 714 1577 ita
727 1544 886 1577 Maeatae
904 1545 968 1577 sub
986 1546 1074 1577 valle
1093 1545 1223 1577 Pictico
1241 1548 1333 1582 sunt,
1348 1555 1440 1577 nunc
1454 1544 1621 1583 Merchia,

264 1606 346 1648 quia
374 1605 471 1636 limes
498 1602 642 1639 Scotiae,
670 1605 710 1633 ut
740 1601 775 1633 in
803 1600 926 1639 Dione,
955 1605 989 1632 et
1016 1600 1200 1643 Xiphilino
1228 1601 1264 1633 in
1291 1601 1428 1639 Severo,
1454 1608 1532 1643 post
1557 1601 1620 1633 hos

265 1660 454 1696 Laudenia,
483 1669 571 1701 quae
596 1668 705 1699 usque
734 1657 777 1689 ad
799 1667 962 1689 oceanum
990 1657 1169 1689 occiduum
1195 1656 1387 1700 pertingit:
1415 1656 1496 1688 hinc
1521 1655 1620 1689 facile

266 1722 299 1750 et
318 1717 409 1748 hunc
427 1720 461 1747 et
478 1714 605 1746 Divam
631 1713 813 1757 Brigidam
837 1712 970 1745 Scotiae
995 1717 1133 1745 nostrae
1158 1712 1359 1750 vindicabis,
1383 1712 1465 1755 quia
1487 1712 1561 1744 nati
1584 1712 1621 1744 in

266 1771 445 1804 Laudenia
471 1771 645 1806 dicuntur,
676 1774 709 1801 et
739 1769 822 1800 haec
847 1769 986 1811 quidem
1016 1769 1064 1801 ibi
1094 1772 1186 1806 nata,
1214 1768 1436 1810 postmodum
1461 1772 1558 1810 patre
1584 1768 1621 1800 in

265 1827 506 1861 Cathenesiam
525 1826 640 1863 misso,
660 1825 703 1857 ad
721 1825 851 1856 insulas
869 1834 904 1856 se
922 1824 1067 1857 contulit
1085 1823 1247 1862 Scoticas,
1271 1824 1455 1866 velumque
1477 1824 1621 1868 virgini-

267 1885 350 1917 tatis
368 1882 492 1915 induit.

314 1938 433 1972 Vitam
452 1938 526 1982 ejus
545 1941 688 1979 actaque
706 1937 823 1969 omnia
839 1935 1077 1972 Adamandus,
1096 1945 1156 1967 seu
1174 1933 1414 1973 Adamannus,
1430 1933 1563 1973 Scotus,
1578 1935 1620 1967 de

268 2005 335 2037 quo
353 2005 469 2036 supra,
488 1993 584 2025 libris
605 2001 662 2024 111.
682 1993 880 2034 complexus
898 1995 981 2028 erat,
999 1995 1032 2023 et
1049 1990 1157 2023 Jonas
1175 1991 1329 2034 ejusdem
1347 1990 1547 2033 discipulus,
1561 1991 1620 2023 sed

268 2051 303 2082 in
322 2050 421 2093 cujus
439 2049 567 2091 scripto
585 2049 695 2080 multa
713 2048 783 2080 sint
802 2047 999 2089 depravata,
1018 2047 1188 2079 inserente
1207 2046 1397 2079 Laurentio
1415 2046 1518 2079 Surio
1535 2051 1617 2080 tom.

271 2115 323 2138 VI.
366 2104 604 2137 &vandelberu
623 2103 799 2135 Prumien.
817 2102 1092 2146 Martyrologio:

522 2172 671 2200 Undenam
686 2173 756 2199 abba
770 2171 959 2199 Columbanus
973 2171 1024 2198 sibi
1039 2177 1130 2199 servat
1144 2172 1178 2199 ab
1193 2172 1253 2209 ipso

522 2219 645 2250 Oceano,
660 2217 758 2245 multis
772 2218 846 2245 vitae
861 2218 908 2254 qui
923 2217 1050 2253 dogmata
1064 2223 1175 2245 sanctae

526 2264 671 2301 Religione
685 2264 731 2301 pia
745 2263 845 2300 sparsit
859 2272 983 2290 sermone
997 2273 1148 2300 manuque,
1164 2265 1213 2291 διο.

318 2330 414 2363 Inter
431 2328 674 2362 ecclesiasticos
694 2328 877 2370 scriptores
896 2339 915 2359 a
933 2327 1112 2371 Sigeberto
1126 2329 1306 2370 reponitur
1324 2339 1395 2370 cap.
1414 2337 1494 2360 LXI.
1514 2333 1548 2361 et
1564 2339 1619 2360 ve-
