1861 2682
225 248 287 278 186
599 244 825 277 HISTORIA
849 241 1213 275 ECCLESIASTICA

542 349 809 386 ROBERTUS
835 347 1141 382 CREIITHIUS.
1193 347 1275 381 327.

233 452 449 485 ROBERTUs
467 447 667 486 Creiithius,
680 445 769 478 forte
788 444 949 481 Kethius‚
967 441 1012 474 D.
1028 439 1204 474 Francisci
1222 439 1381 472 habitum
1394 438 1519 479 induit,
1535 452 1587 473 01·-

232 507 390 550 dinisque
408 505 462 538 sui
480 507 721 537 ornamentum
740 500 886 534 eruditis
904 503 938 531 et
959 498 1025 540 piis
1049 496 1183 530 artibus
1207 495 1391 538 quaesivit.
1444 500 1464 514 ‘⁶
1482 495 1588 528 Mini-

231 563 394 596 steriatus
411 570 553 594 munere
570 559 623 591 bis
646 557 798 594 functus,
822 556 859 587 in
882 565 979 586 sacra
1002 552 1176 596 theologia
1201 551 1590 589 consummatissimus‚”

233 619 282 651 ait
296 617 501 650 Franciscus
515 614 681 657 Gonzaga
691 623 725 654 p.
736 620 793 644 111.
808 610 921 653 Relig.
935 608 1076 652 Seraph.
1090 607 1189 652 Orig.
1201 606 1330 651 pagina
1341 614 1589 639 DCCCXLvni.

231 674 321 719 Ejus
339 677 401 710 est,
419 673 455 704 in
473 671 595 713 Belgio
613 669 716 706 edita,

374 725 569 759 Harmonia
586 722 862 766 Evangeliorum
1151 719 1209 752 lib.
1230 728 1254 751 1.

279 783 417 817 Floruit
434 792 524 814 anno
543 786 780 812 MCCCXLVH.
807 776 880 809 dixi
904 776 941 809 in
964 776 1150 820 Apparatu
1176 775 1219 807 ad
1245 773 1380 807 Histor.
1408 773 1588 806 Scoticam.

233 840 395 883 Sepultus
408 838 501 882 jacet
519 835 620 878 Ipris.

719 928 965 963 CLEMENS.
1017 930 1098 961 328.

234 1009 432 1041 CLEMENS
456 1004 656 1041 monachus,
681 1002 870 1044 discipulus
894 1005 928 1034 et
953 999 1274 1045 peregrinationum
1297 997 1333 1031 S.
1359 997 1511 1030 Mariani
1536 998 1594 1031 ab-

233 1064 324 1098 batis
341 1064 379 1096 in
396 1061 619 1094 Germaniam
644 1058 767 1095 socius,
789 1057 927 1089 fundati
949 1057 1055 1089 etiam
1078 1056 1216 1088 noviter
1239 1054 1450 1087 Ratisbonae
1477 1065 1595 1086 mona-

235 1120 332 1153 sterii
350 1119 474 1156 incola,
493 1121 513 1135 ‘⁶
525 1116 580 1148 vir
598 1114 737 1147 doctus”
756 1118 900 1146 vocatur
917 1124 937 1145 a
950 1111 1163 1156 Wolfgango
1182 1111 1290 1144 Lazio
1307 1110 1365 1143 lib.
1382 1118 1450 1142 V11.
1470 1110 1511 1142 de
1526 1109 1594 1141 Mi-

237 1175 395 1220 gratione
413 1172 516 1206 Gent.
534 1182 612 1215 pag.
632 1178 780 1202 CCCXII.
831 1169 987 1212 Scripsit,
1005 1172 1046 1201 ut
1063 1168 1177 1206 audio,
1195 1167 1232 1200 in
1252 1166 1454 1211 Hungarica
1473 1164 1593 1197 Budae

237 1231 446 1265 bibliotheca
463 1232 650 1265 asservata,
668 1230 702 1258 et
720 1225 812 1263 alibi,

380 1286 597 1318 collectanea
614 1293 656 1315 ex
674 1281 734 1314 SS.
753 1280 917 1313 Patribus
1151 1278 1210 1311 lib.
1232 1286 1257 1310 1.

382 1341 503 1373 Flores
521 1339 779 1380 Scripturarum
1151 1334 1211 1367 lib.
1231 1342 1256 1366 Ι.

381 1395 578 1429 Chronicon
598 1392 802 1436 Hungariae
1150 1389 1210 1422 lib.
1231 1398 1256 1421 1.

285 1453 422 1486 Floruit
442 1458 615 1483 MCLVIII.
668 1448 766 1480 Obiit
784 1446 906 1479 Eudae
923 1455 1111 1488 procurans
1129 1444 1389 1477 monasterium.

715 1557 978 1592 CANDIDUS.
1031 1559 1111 1593 329.

241 1678 452 1710 CANDIDUS
479 1672 745 1707 Benedictinum
773 1669 980 1703 monachum
1006 1669 1043 1701 in
1073 1668 1190 1701 Scotia
1218 1668 1344 1707 induit,
1371 1673 1405 1701 et
1430 1667 1594 1702 Sanctum

240 1733 439 1767 Marianum
457 1735 594 1764 secutus
612 1729 649 1760 in
667 1727 889 1760 Germaniam
907 1726 1014 1764 venit,
1033 1724 1257 1768 substititque
1276 1723 1498 1763 Ratisbonae,
1522 1736 1595 1758 coe-

242 1789 345 1823 nobio
362 1798 473 1830 nuper
490 1785 647 1818 fundato.
698 1782 843 1824 Scripsit

386 1842 560 1875 Homilias
1157 1835 1215 1868 lib.
1236 1844 1259 1867 1.

288 1900 421 1933 Claruit
440 1908 530 1931 anno
549 1904 723 1928 MCLVIII.
778 1892 979 1937 &Volfgangu
999 1891 1127 1924 Lazius
1145 1891 1228 1923 ibid.

577 2004 867 2040 RICHARDUS
893 2002 1123 2036 CORVEIL.
1175 2005 1255 2035 340.

245 2125 481 2157 RICHARDUS
525 2119 675 2156 Corveil,
722 2116 849 2149 decreti
891 2116 1019 2153 doctor,
1070 2120 1104 2147 et
1151 2114 1412 2148 archidiaconus
1461 2113 1598 2148 Laudo-

244 2181 331 2219 niae,
366 2190 405 2212 eo
438 2178 514 2220 ipso
549 2185 639 2208 anno
672 2184 741 2217 quo
775 2173 817 2205 ad
853 2171 999 2204 Harlaw
1033 2181 1163 2215 pagum
1197 2182 1275 2203 curn
1315 2170 1426 2203 Scotis
1464 2176 1598 2204 monta-

244 2237 299 2269 nis
341 2238 482 2267 cruenta
521 2231 591 2264 acie
630 2233 825 2273 pugnatum
862 2231 924 2265 est,
966 2227 1122 2259 felicibus
1158 2226 1331 2269 auspiciis,
1374 2227 1507 2269 primus
1536 2226 1596 2269 jus

247 2290 459 2335 pontificium
485 2288 521 2320 in
547 2285 720 2319 academia
751 2284 864 2327 patria
892 2283 1152 2315 Santandreana
1182 2281 1334 2325 profiteri
1367 2282 1488 2324 coepit,
1520 2292 1596 2313 con-
