1861 2682
866 275 935 314 xix

224 380 414 433 anonymi
435 384 506 425 est,
526 383 567 417 et
585 378 725 417 docuit
744 377 953 430 Andegavi
969 379 1037 430 jus
1058 377 1184 416 civile.
1242 378 1406 430 Scripsit
1428 378 1477 415 de
1497 377 1521 414 J
1526 390 1570 414 u-

223 441 556 482 risconsultorum
595 440 851 481 Successione
889 439 955 478 lib.
977 440 1000 478 i.
1078 440 1250 479 Vivebat
1295 454 1401 478 anno
1447 454 1568 477 mmv.

222 504 337 542 Alius
358 510 418 542 est
439 503 584 542 Petrus
604 502 833 555 Aquilanus
854 501 1101 553 theologus.”
1155 502 1310 555 Lepida
1330 516 1424 541 sane
1444 502 1569 540 histo-

221 567 300 605 ria!
363 566 405 604 P.
434 567 522 605 648.
557 571 577 588 ⁴⁶
603 566 639 604 S.
676 565 872 617 Vigianus
904 563 1131 602 Monachus
1166 564 1318 603 Christi
1354 563 1568 615 Dogmatis

220 628 403 680 egregius
432 627 700 674 concionator,
730 627 786 665 ait
817 626 935 665 Hect.
964 625 1107 664 Boeth.
1134 625 1201 665 lib.
1223 626 1274 665 xi.
1303 627 1441 665 histor.
1463 627 1565 665 Scot.

217 705 254 742 p.
275 704 472 729 ccxxxlv.
521 690 768 741 Episcopum
785 688 1101 727 Brechinensem
1116 689 1213 727 facit
1228 689 1566 728 Scotichronicon.

217 752 374 792 Claruit
394 766 486 791 cum
507 751 718 797 Moveano‚
740 751 928 797 Medano,
950 750 1091 798 Blano,
1112 752 1180 791 διο.
1201 753 1398 799 meminit,
1414 758 1455 790 et
1472 752 1568 790 For-

217 809 356 861 danus,
376 820 417 853 et
437 813 605 852 Arnold.
627 814 796 852 Uvion.'’
846 813 1023 853 Pessime
1038 814 1177 853 habita
1196 820 1293 853 sunt
1312 815 1411 853 haec
1431 815 1563 860 verba,

216 890 319 928 quae
361 877 497 915 omnia
547 876 602 914 sic
647 875 894 914 ordinanda:
952 882 972 899 ‘⁴
1005 877 1040 914 S.
1084 876 1281 928 Vigianus
1330 877 1562 923 monachus,

214 939 366 977 Christi
387 939 586 990 dogmatis
606 938 790 990 egregius
811 937 1079 984 concionator,
1100 938 1157 976 ait
1179 938 1296 978 Hect.
1319 939 1462 978 Boeth.
1489 938 1558 977 lib.

214 1001 265 1039 xi.
305 1001 456 1040 Histor.
495 1001 599 1039 Scot.
636 1014 673 1052 p.
709 1014 906 1039 ccxxxw.
941 1000 1085 1038 claruit
1119 1014 1211 1039 cum
1247 1001 1459 1047 Moveano,
1493 1003 1561 1040 διο.

216 1063 462 1115 Episcopum
501 1063 817 1101 Brechinensem
856 1062 952 1101 facit
989 1061 1290 1102 Scotichronico
1332 1064 1364 1102 F
1368 1065 1559 1103 ordunus.

213 1125 406 1163 Meminit
426 1130 468 1163 et
487 1124 692 1162 Arnoldus
713 1124 882 1162 Uvion.”
940 1123 1147 1163 Vocabula
1166 1126 1378 1177 quaedam,
1400 1126 1443 1165 in
1459 1140 1561 1165 mar-

212 1187 306 1237 gine
327 1187 473 1225 codicis
494 1186 651 1237 scripta,
673 1186 715 1223 in
736 1185 915 1224 alienum
935 1184 1069 1224 locum
1090 1187 1280 1238 migrasse
1301 1189 1503 1227 videntur.

266 1249 380 1287 Haec
410 1254 452 1286 et
485 1261 567 1285 non
603 1247 800 1286 absimilia
831 1247 1063 1299 Dempsteri
1098 1248 1193 1296 loca,
1227 1251 1288 1288 usi
1323 1251 1558 1303 praesertim

212 1312 454 1362 conjectura,
483 1309 797 1355 emendavimus,
827 1308 891 1347 vel
920 1308 1063 1348 saltem
1091 1312 1306 1351 emendare
1335 1314 1468 1352 conati
1496 1327 1560 1352 su-

209 1386 323 1417 mus;
355 1371 532 1424 plurima
551 1377 689 1410 autem
711 1371 963 1423 scriptorum,
984 1385 1084 1423 quos
1105 1372 1189 1425 ipse
1209 1373 1454 1421 laudaverat,
1473 1375 1560 1414 loca

210 1434 468 1480 contulimus,
489 1440 530 1473 et
549 1433 646 1472 hinc
665 1433 806 1480 multa,
827 1434 858 1472 si
875 1447 957 1472 non
974 1434 1119 1481 omnia,
1135 1436 1398 1476 restituimus.
1439 1436 1559 1476 Varia

208 1497 386 1536 fortassis
407 1496 585 1535 incuriae
606 1496 800 1548 pristinae
831 1496 965 1535 adhuc
985 1503 1153 1536 manent
1172 1499 1362 1550 vestigia3
1394 1506 1435 1538 et
1461 1500 1559 1539 haec

208 1560 365 1606 menda,
400 1559 513 1598 aliud
547 1564 721 1611 agentes,
751 1560 837 1610 jam
869 1572 942 1597 nos
976 1558 1162 1598 vidimus.
1223 1561 1338 1600 Tom.
1370 1562 1393 1600 i.
1426 1577 1463 1614 p.
1494 1567 1555 1605 89.

209 1628 228 1644 ‘⁶
247 1622 423 1674 Scripsit,
454 1621 646 1673 magistro
676 1621 893 1673 superstite,
927 1621 979 1660 de
1009 1621 1217 1661 Brandani
1249 1617 1424 1663 Rebus.”
1481 1624 1558 1664 Le-

207 1684 396 1736 gendum,
435 1690 482 1722 ut
516 1684 559 1722 in
593 1683 772 1722 editione
804 1683 997 1735 principe,
1031 1692 1236 1738 superstes.
1300 1686 1461 1726 Scilicet
1491 1701 1558 1726 ex-

207 1747 354 1785 stincto
376 1746 603 1792 Brandano,
624 1745 782 1798 scripsit
802 1745 1001 1784 Barvitus.
1060 1747 1175 1786 Tom.
1190 1747 1229 1786 ii.
1250 1762 1287 1800 p.
1309 1753 1399 1788 448.
1419 1755 1439 1772 ‘⁶
1455 1750 1557 1790 Rec-

209 1815 248 1847 te
268 1809 379 1847 haud
399 1809 511 1847 dubio
525 1811 563 1852 ;”
593 1822 666 1860 pro
687 1822 779 1860 quo,
795 1808 940 1859 utique
956 1808 1175 1860 legendum
1191 1811 1310 1850 dabie.
1350 1811 1556 1853 Laborant

207 1885 322 1923 saepe
342 1884 479 1910 versus
500 1884 601 1922 quos
622 1870 815 1909 citaverat
835 1876 995 1916 noster3
1025 1872 1233 1911 interdum
1254 1875 1433 1913 numeris
1462 1876 1554 1921 suis,

207 1934 292 1971 sine
316 1934 500 1972 codicum
525 1946 611 1985 ope,
636 1946 717 1971 non
744 1932 861 1971 facile
885 1933 1139 1972 restituendi.
1199 1935 1313 1974 Tom.
1335 1937 1357 1975 i.
1383 1951 1420 1989 p.
1442 1942 1504 1979 72.
1532 1953 1554 1977 e

208 1995 368 2034 Metelli
389 1994 668 2038 Quirinalibus
688 1995 955 2047 proferuntur
978 1995 1076 2035 haec
1104 1998 1233 2045 verba,
1261 2012 1312 2037 ne
1336 2013 1472 2039 versus
1496 2001 1556 2040 di-

209 2070 318 2095 cam:

496 2167 665 2194 Recitantur
678 2176 763 2204 super
776 2167 845 2195 haec
859 2177 909 2196 sua
923 2168 1035 2206 scripta,

495 2212 571 2239 Data
585 2212 727 2249 quondam
740 2213 801 2247 tibi,
817 2214 974 2248 Bonifacie,
991 2216 1083 2249 Scote,
1098 2222 1215 2254 martyr.

208 2313 357 2352 Versus
388 2311 560 2360 Metelli,
590 2313 777 2354 monachi
807 2315 1096 2369 TergersensiS,
1127 2323 1316 2358 constant
1350 2318 1498 2359 Ionicis
1532 2334 1552 2358 a
