1861 2682
590 267 763 301 GENTIS
787 264 1058 302 SCOTORUM,
1082 264 1169 295 LIB.
1194 263 1251 293 VI.
1527 263 1608 293 *289

392 362 445 395 De
462 360 630 405 Antiquis
650 360 842 403 Hispaniae
861 357 1127 392 Habitatoribus
1226 355 1284 389 lib.
1305 364 1329 388 1.
1381 352 1527 387 Viderat
1544 353 1603 386 Jo-

438 428 544 451 annes
563 417 729 456 Camers3
755 416 887 459 prodiit
905 414 1084 459 Lugduni.

295 474 431 507 claruit
448 485 539 507 anno
559 481 665 506 MD11.

658 584 681 617 J
683 583 877 618 ACOBUS
904 581 1196 616 FORBASSUS.

245 697 422 731 JACOBUS
440 696 644 735 Forbassus,
663 697 858 730 adolescens
879 695 1016 734 nobilis,
1034 693 1150 727 Scotia
1167 693 1297 733 relicta,
1326 692 1479 726 Parisios
1498 692 1603 729 venit,

246 754 326 787 inde
354 753 525 787 Romam:
558 753 767 786 amoenitate
796 752 929 796 ingenii
955 751 1090 789 claruit,
1117 750 1230 793 apices
1251 749 1344 793 juris
1368 750 1407 782 in
1433 748 1606 782 academia

247 809 418 843 Perusina
436 810 592 853 adeptus.
644 808 770 841 Edidit
843 808 903 840 lib.
930 831 939 841 .
967 831 975 840 .
1003 831 1012 840 .

293 865 395 900 Vivit
411 865 525 900 adhuc
542 865 687 899 Romae.

685 976 720 1010 S.
748 974 1030 1010 FOTHADUS.
1082 977 1162 1008 545.

248 1096 267 1110 “
285 1090 320 1124 S.
341 1091 572 1129 FOTHADUS,
587 1091 800 1135 ingeniosus,
819 1090 951 1128 doctuS,
970 1089 1164 1132 eloquens‚”
1183 1088 1233 1121 ait
1250 1087 1410 1127 Balaeus,
1424 1089 1468 1121 ab
1481 1088 1611 1131 Alphe—

245 1158 284 1180 ro
302 1147 515 1180 Merciorum
538 1147 663 1179 comite
686 1147 723 1179 in
741 1145 910 1191 Angliam
936 1146 1062 1178 missus
1089 1145 1132 1178 ad
1160 1144 1353 1177 Elfritham
1379 1145 1548 1190 reginam,
1574 1146 1610 1177 in

245 1203 379 1247 synodo
403 1202 565 1235 Calvensi
582 1202 809 1235 Dunstanum
831 1201 1041 1235 Cantuariae
1065 1201 1366 1244 archiepiscopum
1394 1202 1609 1245 argumentis

246 1260 296 1292 ita
313 1259 503 1302 superavit,
522 1264 563 1292 ut
580 1260 637 1291 ille
655 1259 792 1291 senium
810 1262 1001 1296 excusaret,
1020 1268 1082 1290 nec
1099 1268 1136 1290 se
1154 1268 1254 1300 posse
1268 1257 1473 1302 hujusmodi
1487 1257 1612 1290 disser-

245 1314 439 1348 tationibus
466 1324 600 1352 vacare,
626 1324 764 1357 eosque,
790 1324 910 1346 eversa
937 1314 1040 1346 domo
1064 1314 1102 1346 in
1127 1324 1197 1356 qua
1222 1313 1414 1357 disputatio
1440 1314 1612 1351 instituta,

246 1370 393 1404 interfici
412 1371 567 1410 curarit3
594 1371 644 1404 ita
661 1371 717 1403 vir
734 1371 865 1415 ingenii
883 1370 995 1415 gloria
1013 1369 1237 1409 invincibilis,
1255 1369 1378 1403 fraude
1401 1370 1534 1403 nefaria
1557 1380 1614 1402 ex-

245 1427 404 1460 stinctus.
455 1425 628 1460 Auctores
645 1427 695 1460 sic
719 1427 939 1459 tradiderunt
956 1424 1119 1459 Vincent.
1145 1426 1415 1465 Bellovacensis,
1433 1426 1612 1460 Antonius

246 1483 525 1526 archiepiscopus
560 1482 797 1522 Florentinus,
832 1482 855 1515 J
858 1493 986 1516 oannes
1028 1482 1260 1527 CapgraviuS‚
1299 1489 1333 1516 et
1367 1483 1543 1516 Fabianus
1578 1483 1614 1515 in

247 1538 441 1572 Chronicis.
481 1537 590 1572 Errat
607 1538 743 1582 Gaspar
761 1539 954 1572 Bruschius
972 1539 1031 1572 lib.
1054 1547 1096 1572 11.
1115 1539 1157 1572 de
1171 1538 1455 1583 Archiepiscopis
1478 1539 1615 1572 Patavi-

247 1594 312 1633 nis,
345 1595 406 1638 qui
444 1595 488 1628 ad
524 1594 771 1628 Stokeronium
807 1600 904 1628 sexto
937 1606 1043 1638 supra
1073 1595 1248 1628 Viennam
1278 1596 1420 1628 milliari
1453 1600 1613 1628 necatum

247 1651 386 1694 prodit3
414 1651 462 1684 ibi
488 1651 582 1684 enim
608 1662 678 1684 non
704 1652 885 1684 Fothadus
908 1652 965 1684 hic
988 1656 1118 1691 noster,
1140 1652 1201 1685 sed
1225 1651 1374 1685 Sanctus
1401 1651 1614 1685 colmannus

247 1712 460 1750 peremptus,
478 1714 518 1740 ut
536 1707 695 1750 superius
714 1707 779 1740 hoc
796 1718 898 1750 opere
916 1712 1106 1741 ostensum.
1158 1707 1297 1751 Scripta
1313 1709 1431 1742 omnia
1448 1708 1614 1751 temporis

249 1763 380 1808 injuria
397 1763 578 1806 perierunt
594 1773 602 1802 ;
630 1768 728 1796 extat
745 1768 884 1797 tantum

396 1819 468 1852 Pro
485 1818 660 1864 Conjugio
678 1830 786 1859 sacro,
804 1821 972 1853 adversus
990 1819 1227 1860 Dunstanum,
1317 1820 1376 1854 lib.
1398 1830 1420 1853 1.

298 1875 464 1909 Florebat
481 1886 573 1909 anno
590 1884 868 1910 DCCCCLXXXI.

712 1988 1027 2023 FRIDERICUS.
1079 1987 1161 2021 546.

253 2099 514 2140 annmcns,
537 2101 644 2145 vulgo
669 2100 707 2133 in
726 2100 923 2136 Ger-maniis
949 2102 1073 2136 Scotus
1099 2104 1304 2147 appellatus,
1330 2115 1458 2150 magna
1483 2106 1621 2139 claritu-

252 2156 333 2189 dine
351 2157 452 2195 vixit,
477 2161 511 2189 et
534 2161 606 2190 tam
629 2156 877 2200 philosophicis
903 2170 1008 2202 quam
1034 2160 1300 2194 humanioribus
1318 2162 1429 2195 literis
1452 2163 1620 2199 eruditus,

253 2213 365 2246 multa
383 2213 543 2256 scripsit:
569 2223 633 2257 ego
652 2217 790 2245 tantum
809 2214 881 2246 vidi

400 2268 453 2302 De
471 2269 613 2302 occultis
633 2268 766 2301 Rerum
785 2268 909 2303 Causis
1091 2272 1150 2306 lib.
1173 2283 1231 2306 111.
1253 2274 1457 2308 admirabile
1475 2285 1561 2318 opus
1580 2286 1622 2308 ex

447 2324 649 2364 Aristotele,
669 2324 795 2365 Plinio,
814 2330 848 2360 et
865 2326 1025 2368 Aeliano,
1044 2333 1085 2362 ut
1101 2330 1309 2374 plerumque
1325 2332 1517 2364 collectum.
