1861 2682
610 238 781 271 GENTIS
806 238 1076 275 SCOTORUM,
1102 237 1188 268 LIB.
1213 237 1252 268 V.
1467 277 1470 279 μ
1546 238 1607 269 249

250 333 331 372 rius,
351 338 409 365 aut
430 341 598 365 DCCCLX.
629 331 766 364 Colitur
784 339 886 363 XXII.
905 330 1071 376 Augusti.

662 443 696 476 S.
724 442 1049 475 ETHELREDA.
1102 441 1182 475 456.

248 555 282 587 S.
303 554 562 587 ETIIELREDA
581 555 700 599 regina
718 559 751 587 et
770 554 857 586 vixit
881 553 1106 592 sanctissime,
1134 559 1168 587 et
1194 554 1396 587 confirmata
1421 555 1601 588 miraculo-

248 621 325 643 rum
337 611 448 654 gloria
460 611 614 648 excessit,
627 611 663 642 in
674 610 882 643 monasterio
894 609 1125 654 Coldingham
1139 611 1176 642 in
1190 610 1316 643 Scotia.
1344 610 1510 654 Polydor.
1523 611 1566 643 Vi
1573 623 1601 643 r·

246 667 305 710 gil.
324 666 384 699 lib.
404 675 454 698 lv.
474 677 552 711 pag.
574 674 727 699 LXXXV.
779 666 876 698 Obiit
893 676 984 698 auno
1002 673 1063 698 DC.
1115 665 1251 699 Colitur
1270 675 1387 699 XXIX.
1407 665 1574 710 Augusti.

682 778 717 810 S.
745 776 1022 810 EALREDUS.
1075 779 1155 814 457.

245 891 279 922 S.
300 889 530 928 EALREDUS,
549 890 622 922 sive
640 889 860 927 Ethelredus,
879 894 940 921 aut
957 888 1162 929 Adelredus,
1188 896 1228 924 ut
1254 891 1359 924 habet
1385 891 1491 924 Laur.
1521 892 1598 924 Sur.

246 952 327 978 tom.
349 954 406 978 III.
426 946 480 978 die
499 955 536 978 X.
555 945 665 984 Junii,
684 950 745 978 aut
762 944 924 982 Alredus,
950 950 990 977 ut
1014 946 1107 988 apud
1132 945 1279 979 Arnold.
1303 946 1477 980 Uvionem
1495 948 1554 981 lib.
1576 957 1598 980 1.

244 1001 322 1045 Lig.
342 1001 445 1034 Vitae
463 1013 541 1046 pag.
563 1009 720 1034 LXXVH.
739 1011 782 1033 ex
800 1000 885 1034 Iona
903 1000 1096 1033 Rievallem
1115 1003 1303 1035 translatus
1320 1012 1327 1035 :
1354 1003 1442 1036 falso
1465 1004 1502 1036 in
1527 1003 1600 1036 An-

243 1058 313 1100 glia
333 1057 586 1090 Rievallensem
606 1061 751 1100 ponunt,
769 1061 809 1089 ut
827 1061 861 1089 et
877 1056 1028 1089 Joannes
1048 1057 1211 1090 Molanus
1236 1057 1417 1091 Addition.
1443 1060 1485 1092 ad
1509 1060 1599 1092 Usu-

243 1114 317 1145 ardi
343 1113 637 1157 Martyrologium
663 1113 718 1145 die
748 1121 784 1144 V.
808 1112 978 1145 Januarii.
1030 1112 1140 1146 Errat
1166 1125 1245 1146 cum
1270 1115 1393 1147 iisdem
1419 1115 1599 1148 Conradus

243 1168 489 1211 Lycosthenes.
529 1168 648 1201 Abbas
667 1168 898 1201 Rievallensis
916 1169 953 1200 in
971 1168 1096 1207 Scotia,
1116 1169 1246 1202 Davidi
1265 1170 1445 1204 Scotorum
1463 1172 1536 1216 regi
1551 1172 1601 1204 fa-

242 1224 396 1262 miliaris,
416 1228 449 1256 et
467 1235 594 1269 magna
613 1224 705 1266 apud
724 1235 803 1257 eum
821 1224 864 1256 ob
882 1225 974 1257 vitae
992 1225 1238 1264 innocentiam,
1265 1231 1299 1259 et
1324 1227 1499 1261 doctrinae
1518 1230 1601 1261 cele-

243 1280 416 1318 britatem,
434 1280 646 1324 dignatione.
686 1279 827 1323 Collega
844 1279 879 1312 S.
899 1279 1042 1313 Alwini.
1085 1280 1170 1314 Vita
1187 1282 1273 1326 ejus.
1313 1283 1355 1322 Ii,
1373 1284 1526 1327 inquam,
1544 1285 1599 1317 de-

242 1335 342 1378 cepti,
360 1336 452 1378 quod
476 1336 634 1378 putarint
658 1336 695 1367 in
716 1334 831 1368 Scotia
856 1346 926 1368 non
951 1335 1058 1369 fuisse
1083 1337 1189 1369 etiam
1216 1337 1457 1373 Riedvallense
1483 1352 1599 1373 coeno-

242 1391 348 1430 bium,
367 1402 444 1424 cum
463 1392 549 1424 illud
567 1391 601 1424 S.
621 1391 828 1424 Malcolmus
846 1402 908 1424 rex
926 1392 962 1425 in
976 1391 1011 1424 N
1014 1392 1244 1432 orthumbria,
1263 1398 1338 1427 tum
1352 1396 1444 1439 juris
1463 1396 1598 1435 Scotici,

242 1448 476 1487 exstruxerit3
504 1448 563 1480 sed
580 1447 667 1480 illud
685 1453 840 1491 tempore
857 1448 948 1493 regis
966 1447 1159 1481 Alexandri
1177 1449 1220 1482 ab
1237 1449 1365 1495 Anglis
1387 1453 1459 1485 solo
1477 1464 1600 1496 aequa-

242 1509 328 1542 tum,
362 1503 656 1548 Martyrologium
686 1503 720 1536 S.
750 1504 882 1544 Crucis,
914 1508 1018 1547 atque
1052 1505 1158 1549 hujUs
1189 1507 1331 1548 quidem
1362 1507 1397 1541 S.
1429 1508 1599 1542 Ealredus

243 1558 347 1591 abbas
366 1567 426 1594 111.
444 1559 606 1599 habitus;
634 1564 668 1593 et
690 1560 731 1592 de
755 1559 952 1604 Anglorum
977 1562 1182 1604 impotentia
1206 1563 1241 1594 in
1268 1563 1443 1597 abolendis
1467 1564 1599 1598 Scotiae

241 1616 475 1648 monumentis
494 1616 578 1649 alias
596 1616 809 1649 commodius
827 1627 939 1660 agam.
991 1616 1080 1661 Ejus
1099 1622 1181 1651 sunt
1197 1628 1204 1651 :

385 1670 469 1704 Vita
487 1671 646 1704 Eduardi
664 1671 862 1716 Anglorum
880 1672 987 1716 Regis
1188 1675 1248 1708 lib.
1270 1684 1310 1708 11.

386 1726 470 1760 Vita
487 1727 633 1761 Davidis
652 1727 833 1761 Scotorum
852 1727 958 1772 Regis
1189 1731 1247 1764 lib.
1269 1740 1309 1764 ΙΙ.

384 1782 467 1816 Vita
485 1783 630 1817 Niniani
649 1783 814 1827 Episcopi
1192 1788 1250 1820 lib.
1272 1797 1294 1820 1.

385 1838 469 1872 Vita
486 1840 707 1885 Margaretae
726 1839 881 1884 Reginae
898 1840 1032 1874 Scotiae
1191 1843 1249 1876 lib.
1271 1853 1294 1876 1.
1347 1845 1443 1878 Haec
1467 1851 1518 1878 est
1541 1847 1600 1879 illa

434 1896 576 1938 quaein
593 1899 793 1928 sanctorum
810 1896 919 1929 relata
943 1908 1128 1931 numerum
1154 1907 1191 1932 X.
1217 1899 1315 1932 Junii
1342 1902 1477 1934 colitur.
1505 1902 1600 1935 Mar-

432 1953 534 1994 tyrol.
554 1951 702 1985 Roman.
740 1951 840 1984 Hect.
861 1951 1029 1987 Boethius
1048 1955 1106 1987 lib.
1127 1964 1199 1988 XII.
1220 1955 1356 1989 Histor.
1377 1957 1467 1991 Scot.
1489 1963 1522 1991 et
1540 1959 1598 1991 alii

434 2008 584 2040 annales.

389 2061 574 2105 Speculum
593 2062 783 2096 charitatis
1189 2069 1247 2101 lib.
1269 2077 1309 2101 II.

386 2118 438 2151 De
456 2118 623 2152 Amicitia
640 2119 820 2162 Spirituali
1186 2125 1245 2157 lib.
1267 2134 1323 2157 111.

386 2174 439 2207 De
458 2174 589 2207 Anima
1188 2181 1247 2214 lib.
1269 2190 1293 2213 1.

390 2231 554 2263 Planctus
573 2229 700 2263 Mortis
718 2230 863 2265 Davidis
883 2233 990 2278 Regis
1188 2237 1246 2270 lib.
1268 2246 1292 2269 1.

385 2287 522 2331 Sagitta
538 2286 561 2319 J
563 2287 711 2320 onathae
1188 2292 1246 2326 lib.
1267 2301 1290 2325 1.
