1861 2682
261 281 321 310 140
630 281 854 312 HISTORIA
878 281 1240 314 ECCLESIASTICA

677 427 711 461 S.
739 427 1055 460 COLMANNUS.
1107 429 1188 459 240.

260 540 294 572 S.
319 540 572 573 COLMANNUS
599 540 697 578 alius,
726 539 799 571 sive
825 538 1068 576 colomannus,
1096 538 1249 582 ejusdem
1277 539 1390 582 gentis
1420 547 1454 572 et
1479 538 1609 581 profes-

261 596 366 628 sionis
399 595 598 634 monachus,
624 596 694 633 sed,
730 599 768 626 ut
797 599 892 636 puto,
928 593 1174 626 Benedictinus
1212 593 1364 626 Huensis
1398 595 1607 627 monasterii.

261 651 432 684 Trithem.
451 651 509 683 lib.
531 659 581 683 1V.
600 652 641 683 de
655 650 730 683 Vir.
749 649 911 681 illustrib.
930 649 1052 680 Ordin.
1066 648 1183 682 Sancti
1201 649 1390 689 Benedicti,
1406 661 1477 692 cap.
1497 659 1607 682 CLIII.

260 707 412 740 Pessime
430 707 522 739 hunc
539 706 719 739 confundit
736 716 813 737 cum
831 704 1052 746 praecedente
1070 703 1215 737 Arnold.
1235 705 1352 738 Uvion
1370 706 1431 738 lib.
1450 715 1508 738 111.
1528 706 1607 750 Lig.

259 762 362 796 Vitae
379 757 457 806 pag}
477 769 697 794 CCCXXXIX.
716 760 848 793 Anton.
867 759 1070 792 Demochar.
1097 764 1180 792 tom.
1200 769 1242 793 11.
1266 760 1386 793 Sacris.
1406 761 1505 794 Miss.
1533 772 1605 804 cap.

260 827 405 850 XXXIX.
426 818 519 850 Petr.
539 816 711 859 Cratepol.
731 815 893 858 Episcop.
913 815 1075 848 German.
1092 815 1240 859 Aliquot
1255 821 1333 859 post
1346 817 1494 859 priorem
1510 818 1609 850 annis

259 873 386 912 floruit,
414 884 484 906 non
509 873 546 905 in
569 872 700 916 Anglia
725 876 785 904 aut
810 871 1032 909 Hebridibus‚
1056 876 1096 904 ut
1119 872 1225 914 prior,
1247 872 1307 904 sed
1332 873 1368 904 in
1390 871 1502 905 Gallia
1525 872 1609 905 Ger-

258 930 451 972 maniaque,
477 929 632 961 omnium
658 928 814 961 laborum
837 931 872 959 et
895 927 1193 970 peregrinationis,
1222 927 1290 960 imo
1315 928 1418 960 etiam
1439 928 1609 971 martyrii,

258 985 374 1017 Sancti
403 984 535 1017 Kiliani
566 985 689 1017 socius.
751 983 825 1016 Nec
859 983 1008 1025 episcopi
1042 983 1212 1026 dignitate
1242 983 1409 1022 sublimis,
1444 984 1504 1017 sed
1537 985 1610 1016 solo

257 1041 514 1084 presbyteratus
533 1041 652 1073 ordine
669 1043 862 1076 contentus,
880 1043 919 1070 ut
937 1039 1069 1080 liquido
1086 1043 1220 1071 constet
1237 1040 1323 1071 duos
1343 1050 1426 1077 esse,
1445 1044 1479 1072 et
1496 1040 1610 1072 diver-

258 1107 324 1129 sos
376 1096 546 1140 Sigeberti
564 1095 669 1128 verba
686 1095 816 1127 suntin
833 1093 1020 1127 Chronico:
1040 1098 1059 1112 “
1072 1093 1179 1136 Apud
1197 1094 1441 1127 Wirziburchz
1459 1099 1609 1127 castrum

258 1152 545 1185 Ostro-Franciae
579 1151 614 1183 S.
645 1149 808 1183 Kilianus
835 1160 913 1182 cum
939 1149 1115 1192 discipulis
1142 1149 1332 1183 Colmanno
1356 1154 1390 1182 et
1415 1149 1609 1182 Tolmanno

258 1209 343 1240 clam
362 1208 611 1251 martyrizatur
628 1218 648 1239 a
666 1206 810 1239 Geilana
834 1216 941 1238 uxore
966 1204 1129 1238 Gozberti
1155 1206 1322 1248 principis
1346 1205 1608 1248 VVirziburgen-

257 1264 358 1302 sium,
377 1275 464 1306 quae
487 1263 632 1296 timebat
655 1262 807 1305 separari
825 1273 846 1294 a
863 1262 938 1294 viro
959 1271 1031 1299 su0,
1056 1265 1222 1304 arguente
1245 1271 1322 1293 eum
1343 1261 1494 1298 Kiliano,
1517 1261 1609 1304 quod

257 1331 331 1352 eam
345 1330 488 1352 uxorem
499 1319 673 1362 quondam
687 1318 804 1350 fratris
819 1318 903 1361 ejus,
918 1317 1021 1348 etiam
1035 1316 1107 1358 ipse
1122 1327 1264 1348 uxorem
1278 1316 1419 1348 haberet
1432 1326 1440 1355 3
1459 1327 1608 1359 quorum

257 1386 360 1413 mors,
386 1385 464 1407 cum
482 1374 542 1406 diu
565 1384 683 1406 omnes
710 1375 841 1411 lateret,
869 1371 1012 1404 Geilana
1034 1375 1068 1404 et
1089 1371 1345 1414 percussoribus
1369 1376 1564 1414 martyrum
1589 1383 1609 1404 a

257 1431 436 1463 daemonio
458 1430 615 1472 arreptis,
638 1439 756 1462 eorum
780 1427 990 1461 confessione
1008 1427 1188 1471 divulgata
1204 1427 1285 1459 est-'³
1336 1426 1405 1465 Qui
1431 1432 1609 1469 praeterea

258 1487 361 1530 hujus
379 1486 584 1523 meminerit,
603 1496 671 1517 non
689 1485 767 1528 legi.
820 1482 909 1527 Ejus
927 1487 1028 1515 sunt:

400 1541 452 1573 De
470 1540 562 1573 Voto
582 1539 875 1584 Peregrinationis
1149 1538 1207 1570 lib.
1229 1547 1270 1571 11.

402 1596 471 1629 Pro
489 1596 574 1628 Fide
592 1596 634 1628 ad
653 1595 779 1628 Gentes
1151 1594 1209 1627 lib.
1230 1603 1253 1626 Ι.

306 1652 480 1695 Martyrio
509 1655 691 1684 coronatus
727 1656 778 1684 est
806 1661 896 1683 anno
927 1659 1105 1683 DCXCVII.
1136 1650 1329 1692 adscriptus
1364 1648 1607 1693 Martyrologii

259 1709 407 1741 Romani
434 1707 562 1740 tabulis
586 1708 629 1740 ad
653 1707 744 1739 diem
768 1706 854 1740 Julii
881 1715 969 1739 VIII.
996 1706 1103 1739 Plura
1132 1705 1224 1738 infra
1252 1704 1316 1737 hoc
1343 1715 1454 1747 opere,
1479 1705 1539 1737 ubi
1567 1705 1608 1737 de

258 1764 382 1797 Sancto
401 1763 551 1796 Kiliano,

662 1859 696 1891 S.
724 1857 1071 1892 COLOMANNUS.
1123 1859 1201 1890 241.

223 1924 230 1932 ⁶
259 1932 292 1965 S.
316 1932 607 1970 COLOMANNUS,
634 1931 728 1976 regio
755 1931 924 1974 sanguine
942 1934 1049 1967 ortus,
1069 1929 1244 1961 Malcolmi
1263 1928 1291 1961 Ι.
1317 1933 1358 1961 ut
1383 1933 1478 1970 puto,
1505 1928 1606 1966 filius,

259 1988 467 2021 Ethelredus
508 1988 660 2030 primum
702 1987 826 2025 dictus,
871 1986 957 2017 bello
1000 1985 1092 2016 civili
1134 1986 1281 2016 lacerata
1322 1984 1445 2026 patria,
1491 1984 1607 2027 gravi-

259 2048 378 2085 terque
412 2043 454 2074 de
491 2053 598 2086 regno
629 2041 794 2074 fratribus
828 2041 918 2072 inter
948 2051 983 2072 se
1016 2040 1237 2077 certantibus,
1271 2039 1476 2082 optimatum
1511 2039 1607 2071 facti-

259 2109 322 2131 one
351 2098 590 2135 invalescente,
621 2098 741 2139 pulsus
773 2096 809 2128 in
847 2095 987 2127 exilium
1023 2094 1243 2127 Germaniam
1279 2095 1399 2133 adivit,
1439 2095 1498 2127 ubi
1531 2095 1607 2127 rixa

259 2154 423 2186 subitarie
450 2157 525 2185 orta
551 2152 594 2184 ab
617 2151 776 2196 agricolis
800 2156 851 2183 est
874 2150 1084 2183 interfectus.
1134 2150 1269 2182 Auctor
1286 2150 1488 2188 Bruschius,
1507 2155 1541 2183 et
1564 2150 1606 2182 de

258 2220 297 2242 eo
320 2208 560 2247 Demochares,
581 2207 808 2249 Cratepolius,
826 2206 954 2243 Uvion,
978 2206 1135 2248 superius
1163 2206 1293 2238 laudati
1317 2206 1353 2237 in
1382 2205 1603 2237 Colomanno.

260 2270 279 2283 ‘⁶
293 2264 425 2297 Scotiae
440 2263 636 2306 P1·ineeps.⁷'
660 2262 742 2294 Laz.
763 2262 819 2294 lib.
841 2270 911 2293 IIX.
930 2272 1006 2305 pag.
1024 2270 1192 2294 ccccxx.
1243 2260 1439 2293 Eucharius
1454 2260 1603 2303 Sangius

258 2321 494 2365 suffraganeus
528 2318 827 2362 WVirceburgensis
857 2317 955 2350 Orat.
991 2317 1032 2349 de
1066 2316 1308 2349 Translatione
1342 2316 1384 2348 B.
1420 2315 1601 2354 Macharii,
