1861 2682
656 259 827 292 GENTIS
852 259 1122 297 SCOTORUM,
1148 259 1235 290 LIB.
1261 260 1305 290 11.
1602 262 1661 292 109

295 363 364 395 gna
382 363 460 385 cum
477 353 588 397 gloria
612 352 771 385 Lutetiae
794 357 847 385 cst
870 352 1045 396 professus
1070 351 1176 385 bonas
1199 358 1302 391 artes,
1326 356 1402 385 tum
1428 351 1656 397 Burdegalae,

297 420 335 439 ac
368 409 490 441 deinde
523 409 560 441 in
594 408 788 447 Lusitania,
823 408 882 441 ubi
915 408 1106 450 periculum
1141 408 1238 446 adiit,
1273 408 1316 440 ad
1351 407 1564 451 quaesitores
1595 410 1658 441 im-

296 464 436 505 pietatis
461 464 617 504 delatus;
644 465 723 497 inde
749 464 785 496 in
810 464 988 508 Angliam,
1014 468 1048 496 et
1077 463 1241 496 festinato
1270 474 1375 496 cursu
1407 464 1444 496 in
1474 463 1655 508 Liguriam

296 520 482 558 contendit,
501 519 731 554 Timoleontis
748 519 887 553 Cossaei
904 520 1073 563 pueritiae
1090 519 1262 558 admotus,
1287 520 1386 564 cujus
1410 524 1509 563 pater
1532 531 1657 563 proi-ex

294 585 439 618 magnos
469 576 640 608 exercitus
672 586 712 608 ea
742 576 778 608 in
807 579 910 619 gente
938 575 1113 608 ductabat.
1164 574 1322 608 Tandem
1353 576 1398 608 ad
1427 575 1546 609 Scotos
1576 587 1656 609 suos

296 630 416 668 redux,
442 630 571 664 Jacobo
595 630 659 664 VI.
683 631 768 675 regi,
791 631 851 674 qui
875 641 966 664 nunc
988 631 1097 664 totius
1121 630 1272 675 Magnae
1294 630 1500 664 Britanniae
1522 638 1657 675 sceptra

295 696 385 718 unus
409 686 602 730 conjunxit,
626 687 814 720 erudiendo
837 686 1065 729 praepositus,
1091 692 1228 730 praeter
1252 686 1319 719 viri
1342 686 1423 720 boni
1446 693 1561 731 partes
1585 699 1656 721 om-

296 741 354 773 nia
371 746 564 780 exsecutus,
582 742 730 785 principi
748 742 994 781 sanctissimae,
1019 742 1159 787 reginae
1184 753 1223 775 ac
1240 742 1400 776 dominae
1417 753 1510 782 suae,
1527 742 1655 776 famam

295 797 428 829 elevare
453 798 800 831 contumeliosissima
824 802 943 841 satyra
967 802 1118 841 quatuor
1142 798 1239 831 libris
1265 797 1443 831 Historiae
1467 810 1549 832 suae
1575 800 1656 832 ulti-

296 853 362 884 mis
397 858 448 886 est
483 858 636 892 conatus,
672 854 904 886 mercenarius
938 853 1067 886 scilicet
1095 853 1216 887 Jacobi
1246 854 1356 893 nothi,
1389 855 1449 897 qui
1480 859 1556 888 tum
1585 866 1655 889 ma-

295 909 374 951 gnis
398 909 589 947 conatibus,
613 909 768 954 proregis
786 909 1002 947 auctoritate,
1027 910 1070 942 ad
1088 909 1323 953 principatum
1341 910 1513 944 tendebat.
1565 911 1654 956 Ejus

296 970 398 997 sunt:

439 1021 692 1055 Grammaticae
710 1020 867 1054 Thomae
885 1020 1043 1054 Linacris
1061 1031 1102 1053 ex
1120 1019 1269 1065 Anglico
1287 1022 1325 1054 in
1343 1022 1509 1056 Latinum
1528 1023 1651 1057 Versio

492 1076 696 1121 (Gesnerus)
1310 1078 1371 1112 lib.
1391 1087 1416 1112 1.

440 1133 631 1165 Axiomata
651 1132 827 1176 (Balaeus)
1314 1134 1372 1167 lib.
1392 1143 1417 1167 1.

441 1187 600 1220 Historia
617 1188 798 1220 Scotorum
1312 1191 1370 1224 lib.
1391 1199 1477 1223 XIX.

439 1242 492 1275 De
517 1241 604 1275 Jure
635 1242 750 1287 Regni
781 1243 873 1286 apud
903 1243 1022 1277 Scotos
1051 1245 1110 1278 lib.
1139 1255 1164 1278 1.
1194 1257 1263 1289 quo
1293 1257 1394 1289 opere
1423 1257 1501 1279 cum
1533 1246 1658 1281 Hotto-

484 1309 613 1331 manno
643 1302 678 1331 et
707 1298 784 1331 aliis
810 1298 991 1331 haereticis
1017 1301 1150 1344 regiam
1175 1302 1417 1335 auctoritatem
1443 1302 1570 1336 acriter
1594 1304 1657 1336 im-

482 1358 627 1399 pugnat.

439 1409 571 1443 Psalmi
588 1409 736 1443 Davidis
755 1418 815 1442 CL.
836 1420 939 1443 versu
957 1410 1224 1455 elegantissimo,
1248 1423 1335 1456 quos
1359 1414 1499 1447 musicis
1522 1415 1656 1460 legibus

486 1465 759 1499 accommodavit
792 1465 849 1498 Jo.
885 1465 1086 1506 Servianus‚
1130 1472 1165 1501 et
1206 1468 1315 1502 edidit
1357 1468 1524 1514 Lugduni
1567 1482 1657 1504 anno

489 1530 700 1554 MDLXXIX.

439 1576 654 1623 Tragoediae
696 1576 760 1611 IV.
803 1588 951 1621 quarum
994 1578 1107 1621 prima
1141 1578 1312 1623 Jephthes
1346 1582 1472 1616 ultima
1506 1583 1656 1626 publica-

486 1638 533 1673 ta,
1310 1636 1369 1670 lib.
1390 1646 1415 1670 1.

439 1688 555 1723 Silvae.
1309 1693 1368 1726 lib.
1390 1702 1415 1727 1.

438 1745 660 1779 Miscellanea
1312 1749 1372 1783 lib.
1392 1758 1417 1782 Ι.

441 1801 732 1846 Hendecasyllabi
1314 1805 1373 1838 lib.
1394 1814 1418 1838 1.

441 1857 585 1902 Elegiae
1313 1861 1372 1894 lib.
1394 1870 1417 1894 Ι.

439 1913 706 1958 Epigrammata
1310 1917 1369 1950 lib.
1390 1926 1431 1950 ΙΙ.

439 1969 521 2002 Alia
547 1969 690 2014 indigna
715 1969 772 2002 hic
796 1970 929 2011 referri,
956 1973 1048 2015 quod
1075 1973 1118 2005 iis
1149 1978 1183 2006 et
1209 1972 1244 2005 S.
1271 1972 1315 2005 R.
1343 1973 1387 2007 E.
1415 1975 1590 2019 majestas,
1622 1983 1654 2010 et

488 2026 651 2070 religiosa
686 2025 731 2059 D.
762 2025 939 2060 Francisci
970 2027 1114 2067 familia,
1157 2039 1229 2061 non
1271 2030 1464 2075 vulgariter
1505 2032 1655 2066 offenda-

489 2085 558 2114 tur.

439 2136 667 2169 Chamaeleon
684 2136 743 2169 lib.
765 2146 788 2169 1.
819 2148 889 2180 quo
914 2149 1016 2182 opere
1033 2138 1276 2174 Lidintonium
1302 2141 1558 2176 mutabiliorem
1577 2144 1655 2177 cha-

485 2193 675 2225 maeleonte
700 2198 884 2235 carpserat.
936 2193 1016 2227 Gul.
1037 2195 1202 2230 Camden.
1222 2196 1317 2230 Hist.
1341 2196 1436 2243 Aug,
1455 2199 1498 2232 ad
1527 2211 1656 2233 annum

490 2255 703 2280 MDLxxnI.

437 2303 595 2337 Detectio
636 2304 673 2337 in
715 2303 867 2338 Mortem
910 2303 1047 2339 Darnlii
1091 2307 1248 2353 Reginae
1293 2310 1421 2349 mariti,
1465 2321 1550 2354 opus
1589 2317 1661 2344 tur-
