<?xml version="1.0" encoding="UTF-8"?>
<!DOCTYPE html PUBLIC "-//W3C//DTD XHTML 1.0 Transitional//EN"
    "http://www.w3.org/TR/xhtml1/DTD/xhtml1-transitional.dtd">
<html xmlns="http://www.w3.org/1999/xhtml" xml:lang="en" lang="en">
 <head>
  <title>
</title>
<meta http-equiv="Content-Type" content="text/html;charset=utf-8" />
  <meta name='ocr-system' content='tesseract 3.04.00' />
  <meta name='ocr-capabilities' content='ocr_page ocr_carea ocr_par ocr_line ocrx_word'/>
</head>
<body>
  <div class='ocr_page' id='page_1' title='image "./thomaedempsterih00bann_0322.png"; bbox 0 0 1861 2682; ppageno 0'>
   <div class='ocr_carea' id='block_1_1' title="bbox 305 210 1289 242">
    <p class='ocr_par' dir='ltr' id='par_1_1' title="bbox 305 210 1289 242">
     <span class='ocr_line' id='line_1_1' title="bbox 305 210 1289 242; baseline 0.002 -4"><span class='ocrx_word' id='word_1_1' title='bbox 305 210 366 239; x_wconf 67' lang='lat'>950</span> <span class='ocrx_word' id='word_1_2' title='bbox 680 210 903 242; x_wconf 86' lang='lat' dir='ltr'>HISTORIA</span> <span class='ocrx_word' id='word_1_3' title='bbox 928 210 1289 242; x_wconf 84' lang='lat' dir='ltr'>ECCLESIASTICA</span> 
     </span>
    </p>
   </div>
   <div class='ocr_carea' id='block_1_2' title="bbox 447 301 1327 902">
    <p class='ocr_par' dir='ltr' id='par_1_2' title="bbox 447 301 1327 902">
     <span class='ocr_line' id='line_1_2' title="bbox 453 301 1325 336; baseline -0.002 -1"><span class='ocrx_word' id='word_1_4' title='bbox 453 302 634 336; x_wconf 84' lang='lat' dir='ltr'>Institutio</span> <span class='ocrx_word' id='word_1_5' title='bbox 653 302 975 335; x_wconf 77' lang='lat' dir='ltr'>sanctimonialium</span> <span class='ocrx_word' id='word_1_6' title='bbox 1221 301 1280 334; x_wconf 89' lang='lat' dir='ltr'>lib.</span> <span class='ocrx_word' id='word_1_7' title='bbox 1300 310 1325 334; x_wconf 86' lang='grc' dir='ltr'>Ι.</span> 
     </span>
     <span class='ocr_line' id='line_1_3' title="bbox 452 355 1324 402; baseline -0.003 -11"><span class='ocrx_word' id='word_1_8' title='bbox 452 358 661 402; x_wconf 86' lang='lat' dir='ltr'>Genealogia</span> <span class='ocrx_word' id='word_1_9' title='bbox 678 356 826 401; x_wconf 88' lang='lat' dir='ltr'>Angliae</span> <span class='ocrx_word' id='word_1_10' title='bbox 844 355 981 400; x_wconf 85' lang='lat' dir='ltr'>Regum</span> <span class='ocrx_word' id='word_1_11' title='bbox 1221 356 1279 388; x_wconf 88' lang='lat' dir='ltr'>lib.</span> <span class='ocrx_word' id='word_1_12' title='bbox 1300 365 1324 388; x_wconf 93' lang='lat'>1.</span> 
     </span>
     <span class='ocr_line' id='line_1_4' title="bbox 451 411 1327 446; baseline -0.003 0"><span class='ocrx_word' id='word_1_13' title='bbox 451 413 504 446; x_wconf 92' lang='lat' dir='ltr'>De</span> <span class='ocrx_word' id='word_1_14' title='bbox 522 413 667 445; x_wconf 87' lang='lat' dir='ltr'>diversis</span> <span class='ocrx_word' id='word_1_15' title='bbox 685 411 886 445; x_wconf 83' lang='lat' dir='ltr'>Virtutibus</span> <span class='ocrx_word' id='word_1_16' title='bbox 1224 411 1283 443; x_wconf 87' lang='lat' dir='ltr'>lib.</span> <span class='ocrx_word' id='word_1_17' title='bbox 1303 419 1327 443; x_wconf 92' lang='grc' dir='ltr'>Ι.</span> 
     </span>
     <span class='ocr_line' id='line_1_5' title="bbox 451 466 1325 511; baseline -0.003 -10"><span class='ocrx_word' id='word_1_18' title='bbox 451 469 631 502; x_wconf 84' lang='lat' dir='ltr'>Sermones</span> <span class='ocrx_word' id='word_1_19' title='bbox 650 467 838 511; x_wconf 83' lang='lat' dir='ltr'>Synodales</span> <span class='ocrx_word' id='word_1_20' title='bbox 1222 466 1281 499; x_wconf 89' lang='lat' dir='ltr'>lib.</span> <span class='ocrx_word' id='word_1_21' title='bbox 1301 475 1325 498; x_wconf 95' lang='lat'>1.</span> 
     </span>
     <span class='ocr_line' id='line_1_6' title="bbox 454 522 1325 557; baseline -0.002 -1"><span class='ocrx_word' id='word_1_22' title='bbox 454 524 624 557; x_wconf 83' lang='lat' dir='ltr'>Miracula</span> <span class='ocrx_word' id='word_1_23' title='bbox 642 523 815 555; x_wconf 84' lang='lat' dir='ltr'>Ecclesiae</span> <span class='ocrx_word' id='word_1_24' title='bbox 833 522 1041 555; x_wconf 86' lang='lat' dir='ltr'>Esteldittae</span> <span class='ocrx_word' id='word_1_25' title='bbox 1221 522 1280 554; x_wconf 90' lang='lat' dir='ltr'>lib.</span> <span class='ocrx_word' id='word_1_26' title='bbox 1301 531 1325 554; x_wconf 92' lang='lat'>1.</span> 
     </span>
     <span class='ocr_line' id='line_1_7' title="bbox 452 578 1326 623; baseline -0.003 -10"><span class='ocrx_word' id='word_1_27' title='bbox 452 580 505 613; x_wconf 88' lang='lat' dir='ltr'>De</span> <span class='ocrx_word' id='word_1_28' title='bbox 522 579 624 612; x_wconf 85' lang='lat' dir='ltr'>Statu</span> <span class='ocrx_word' id='word_1_29' title='bbox 642 579 795 623; x_wconf 85' lang='lat' dir='ltr'>ejusdem</span> <span class='ocrx_word' id='word_1_30' title='bbox 1222 578 1281 610; x_wconf 92' lang='lat' dir='ltr'>lib.</span> <span class='ocrx_word' id='word_1_31' title='bbox 1302 586 1326 610; x_wconf 88' lang='grc' dir='ltr'>Ι.</span> 
     </span>
     <span class='ocr_line' id='line_1_8' title="bbox 451 633 1324 668; baseline -0.002 0"><span class='ocrx_word' id='word_1_32' title='bbox 451 636 572 668; x_wconf 84' lang='lat' dir='ltr'>Oratio</span> <span class='ocrx_word' id='word_1_33' title='bbox 593 634 779 667; x_wconf 85' lang='lat' dir='ltr'>Pastoralis</span> <span class='ocrx_word' id='word_1_34' title='bbox 1221 633 1280 666; x_wconf 92' lang='lat' dir='ltr'>lib.</span> <span class='ocrx_word' id='word_1_35' title='bbox 1300 642 1324 666; x_wconf 90' lang='grc' dir='ltr'>Ι.</span> 
     </span>
     <span class='ocr_line' id='line_1_9' title="bbox 451 688 1326 723; baseline -0.003 0"><span class='ocrx_word' id='word_1_36' title='bbox 451 691 624 723; x_wconf 90' lang='lat' dir='ltr'>Homiliae</span> <span class='ocrx_word' id='word_1_37' title='bbox 642 698 792 722; x_wconf 82' lang='lat' dir='ltr'>XXXIII.</span> <span class='ocrx_word' id='word_1_38' title='bbox 812 689 847 721; x_wconf 90' lang='lat' dir='ltr'>in</span> <span class='ocrx_word' id='word_1_39' title='bbox 867 688 1009 721; x_wconf 85' lang='lat' dir='ltr'>Esaiam</span> <span class='ocrx_word' id='word_1_40' title='bbox 1224 689 1282 722; x_wconf 87' lang='lat' dir='ltr'>lib.</span> <span class='ocrx_word' id='word_1_41' title='bbox 1302 698 1326 721; x_wconf 87' lang='grc' dir='ltr'>Ι.</span> 
     </span>
     <span class='ocr_line' id='line_1_10' title="bbox 448 744 1324 788; baseline -0.002 -10"><span class='ocrx_word' id='word_1_42' title='bbox 448 746 500 778; x_wconf 90' lang='lat' dir='ltr'>De</span> <span class='ocrx_word' id='word_1_43' title='bbox 518 744 801 778; x_wconf 88' lang='lat' dir='ltr'>Revelationibus</span> <span class='ocrx_word' id='word_1_44' title='bbox 820 744 973 788; x_wconf 85' lang='lat' dir='ltr'>ejusdem</span> <span class='ocrx_word' id='word_1_45' title='bbox 1220 744 1280 776; x_wconf 90' lang='lat' dir='ltr'>lib.</span> <span class='ocrx_word' id='word_1_46' title='bbox 1300 753 1324 777; x_wconf 91' lang='grc' dir='ltr'>Ι.</span> 
     </span>
     <span class='ocr_line' id='line_1_11' title="bbox 453 800 1324 836; baseline -0.003 -1"><span class='ocrx_word' id='word_1_47' title='bbox 453 803 633 836; x_wconf 84' lang='lat' dir='ltr'>Sermones</span> <span class='ocrx_word' id='word_1_48' title='bbox 653 803 693 834; x_wconf 87' lang='lat' dir='ltr'>de</span> <span class='ocrx_word' id='word_1_49' title='bbox 711 801 847 834; x_wconf 89' lang='lat' dir='ltr'>Sanctis</span> <span class='ocrx_word' id='word_1_50' title='bbox 1221 800 1280 833; x_wconf 88' lang='lat' dir='ltr'>lib.</span> <span class='ocrx_word' id='word_1_51' title='bbox 1301 809 1324 833; x_wconf 92' lang='lat'>1.</span> 
     </span>
     <span class='ocr_line' id='line_1_12' title="bbox 447 856 1320 902; baseline -0.005 -10"><span class='ocrx_word' id='word_1_52' title='bbox 447 859 626 902; x_wconf 85' lang='lat' dir='ltr'>Epistolae</span> <span class='ocrx_word' id='word_1_53' title='bbox 645 866 701 890; x_wconf 86' lang='lat' dir='ltr'>CC.</span> <span class='ocrx_word' id='word_1_54' title='bbox 1216 856 1274 889; x_wconf 89' lang='lat' dir='ltr'>lib.</span> <span class='ocrx_word' id='word_1_55' title='bbox 1295 865 1320 890; x_wconf 87' lang='grc' dir='ltr'>Ι.</span> 
     </span>
    </p>
   </div>
   <div class='ocr_carea' id='block_1_3' title="bbox 355 911 1275 949">
    <p class='ocr_par' dir='ltr' id='par_1_3' title="bbox 355 911 1275 949">
     <span class='ocr_line' id='line_1_13' title="bbox 355 911 1275 949; baseline -0.004 0"><span class='ocrx_word' id='word_1_56' title='bbox 355 915 454 949; x_wconf 83' lang='lat' dir='ltr'>Vixit</span> <span class='ocrx_word' id='word_1_57' title='bbox 472 925 562 948; x_wconf 85' lang='lat' dir='ltr'>anno</span> <span class='ocrx_word' id='word_1_58' title='bbox 584 922 729 947; x_wconf 71' lang='lat' dir='ltr'>mcxvi.</span> <span class='ocrx_word' id='word_1_59' title='bbox 781 913 917 947; x_wconf 84' lang='lat' dir='ltr'>Colitur</span> <span class='ocrx_word' id='word_1_60' title='bbox 935 922 971 946; x_wconf 87' lang='lat' dir='ltr'>v.</span> <span class='ocrx_word' id='word_1_61' title='bbox 990 918 1024 946; x_wconf 86' lang='lat' dir='ltr'>et</span> <span class='ocrx_word' id='word_1_62' title='bbox 1042 921 1108 946; x_wconf 79' lang='lat' dir='ltr'>xv,</span> <span class='ocrx_word' id='word_1_63' title='bbox 1128 911 1275 945; x_wconf 44' lang='lat' dir='ltr'>Januari</span> 
     </span>
    </p>
   </div>
   <div class='ocr_carea' id='block_1_4' title="bbox 753 1081 1212 1120">
    <p class='ocr_par' dir='ltr' id='par_1_4' title="bbox 753 1081 1212 1120">
     <span class='ocr_line' id='line_1_14' title="bbox 753 1081 1212 1120; baseline -0.002 -6"><span class='ocrx_word' id='word_1_64' title='bbox 753 1082 788 1115; x_wconf 88' lang='lat' dir='ltr'>S.</span> <span class='ocrx_word' id='word_1_65' title='bbox 816 1081 1078 1120; x_wconf 89' lang='lat' dir='ltr'>ELOQUIUS.</span> <span class='ocrx_word' id='word_1_66' title='bbox 1133 1083 1212 1114; x_wconf 83' lang='lat'>458.</span> 
     </span>
    </p>
   </div>
   <div class='ocr_carea' id='block_1_5' title="bbox 301 1193 1659 2246">
    <p class='ocr_par' dir='ltr' id='par_1_5' title="bbox 301 1193 1659 2018">
     <span class='ocr_line' id='line_1_15' title="bbox 304 1193 1658 1237; baseline -0.003 -8"><span class='ocrx_word' id='word_1_67' title='bbox 304 1198 337 1230; x_wconf 88' lang='lat' dir='ltr'>S.</span> <span class='ocrx_word' id='word_1_68' title='bbox 363 1197 570 1232; x_wconf 83' lang='lat' dir='ltr'>ELOQUIUS</span> <span class='ocrx_word' id='word_1_69' title='bbox 595 1206 638 1229; x_wconf 85' lang='lat' dir='ltr'>ex</span> <span class='ocrx_word' id='word_1_70' title='bbox 659 1196 796 1228; x_wconf 91' lang='lat' dir='ltr'>illorum</span> <span class='ocrx_word' id='word_1_71' title='bbox 827 1200 879 1228; x_wconf 90' lang='lat' dir='ltr'>est</span> <span class='ocrx_word' id='word_1_72' title='bbox 900 1205 1044 1228; x_wconf 89' lang='lat' dir='ltr'>numero</span> <span class='ocrx_word' id='word_1_73' title='bbox 1066 1194 1126 1237; x_wconf 93' lang='lat' dir='ltr'>qui</span> <span class='ocrx_word' id='word_1_74' title='bbox 1150 1194 1241 1227; x_wconf 89' lang='lat' dir='ltr'>inter</span> <span class='ocrx_word' id='word_1_75' title='bbox 1264 1198 1399 1226; x_wconf 88' lang='lat' dir='ltr'>sanctos</span> <span class='ocrx_word' id='word_1_76' title='bbox 1425 1194 1535 1233; x_wconf 86' lang='lat' dir='ltr'>relati,</span> <span class='ocrx_word' id='word_1_77' title='bbox 1564 1193 1658 1226; x_wconf 88' lang='lat' dir='ltr'>Mar-</span> 
     </span>
     <span class='ocr_line' id='line_1_16' title="bbox 304 1248 1658 1297; baseline -0.004 -11"><span class='ocrx_word' id='word_1_78' title='bbox 304 1253 467 1297; x_wconf 84' lang='lat' dir='ltr'>tyrologii</span> <span class='ocrx_word' id='word_1_79' title='bbox 485 1252 636 1284; x_wconf 81' lang='lat' dir='ltr'>Romani</span> <span class='ocrx_word' id='word_1_80' title='bbox 664 1262 733 1284; x_wconf 90' lang='lat' dir='ltr'>non</span> <span class='ocrx_word' id='word_1_81' title='bbox 759 1256 840 1283; x_wconf 91' lang='lat' dir='ltr'>sunt</span> <span class='ocrx_word' id='word_1_82' title='bbox 866 1251 1008 1293; x_wconf 81' lang='lat' dir='ltr'>ascripti</span> <span class='ocrx_word' id='word_1_83' title='bbox 1033 1250 1170 1283; x_wconf 89' lang='lat' dir='ltr'>tabulis.</span> <span class='ocrx_word' id='word_1_84' title='bbox 1220 1248 1312 1282; x_wconf 88' lang='lat' dir='ltr'>Acta</span> <span class='ocrx_word' id='word_1_85' title='bbox 1335 1250 1408 1293; x_wconf 87' lang='lat' dir='ltr'>ejus</span> <span class='ocrx_word' id='word_1_86' title='bbox 1432 1249 1594 1282; x_wconf 87' lang='lat' dir='ltr'>describit</span> <span class='ocrx_word' id='word_1_87' title='bbox 1617 1259 1658 1281; x_wconf 89' lang='lat' dir='ltr'>ex</span> 
     </span>
     <span class='ocr_line' id='line_1_17' title="bbox 304 1304 1656 1350; baseline -0.004 -9"><span class='ocrx_word' id='word_1_88' title='bbox 304 1309 381 1341; x_wconf 88' lang='lat' dir='ltr'>MS.</span> <span class='ocrx_word' id='word_1_89' title='bbox 397 1308 585 1341; x_wconf 88' lang='lat' dir='ltr'>Mosander</span> <span class='ocrx_word' id='word_1_90' title='bbox 599 1308 691 1350; x_wconf 89' lang='lat' dir='ltr'>apud</span> <span class='ocrx_word' id='word_1_91' title='bbox 706 1306 847 1339; x_wconf 90' lang='lat' dir='ltr'>Surium</span> <span class='ocrx_word' id='word_1_92' title='bbox 862 1310 944 1338; x_wconf 89' lang='lat' dir='ltr'>tom.</span> <span class='ocrx_word' id='word_1_93' title='bbox 961 1313 1030 1338; x_wconf 87' lang='lat' dir='ltr'>VII.</span> <span class='ocrx_word' id='word_1_94' title='bbox 1074 1305 1242 1349; x_wconf 83' lang='lat' dir='ltr'>Sigebert.</span> <span class='ocrx_word' id='word_1_95' title='bbox 1258 1304 1512 1338; x_wconf 88' lang='lat' dir='ltr'>Gemblacensis</span> <span class='ocrx_word' id='word_1_96' title='bbox 1527 1305 1656 1337; x_wconf 85' lang='lat' dir='ltr'>Chron.</span> 
     </span>
     <span class='ocr_line' id='line_1_18' title="bbox 304 1360 1657 1407; baseline -0.004 -10"><span class='ocrx_word' id='word_1_97' title='bbox 304 1371 322 1383; x_wconf 79' lang='lat'>‘⁶</span> <span class='ocrx_word' id='word_1_98' title='bbox 342 1364 448 1397; x_wconf 83' lang='lat' dir='ltr'>Multi</span> <span class='ocrx_word' id='word_1_99' title='bbox 474 1364 516 1395; x_wconf 89' lang='lat' dir='ltr'>de</span> <span class='ocrx_word' id='word_1_100' title='bbox 541 1362 671 1407; x_wconf 84' lang='lat' dir='ltr'>Anglia</span> <span class='ocrx_word' id='word_1_101' title='bbox 699 1363 753 1395; x_wconf 88' lang='lat' dir='ltr'>vel</span> <span class='ocrx_word' id='word_1_102' title='bbox 779 1361 893 1394; x_wconf 83' lang='lat' dir='ltr'>Scotia</span> <span class='ocrx_word' id='word_1_103' title='bbox 918 1363 954 1394; x_wconf 91' lang='lat' dir='ltr'>in</span> <span class='ocrx_word' id='word_1_104' title='bbox 981 1360 1101 1393; x_wconf 91' lang='lat' dir='ltr'>Galliis</span> <span class='ocrx_word' id='word_1_105' title='bbox 1127 1361 1387 1405; x_wconf 85' lang='lat' dir='ltr'>peregrinantes</span> <span class='ocrx_word' id='word_1_106' title='bbox 1417 1361 1561 1394; x_wconf 91' lang='lat' dir='ltr'>verbum</span> <span class='ocrx_word' id='word_1_107' title='bbox 1593 1361 1657 1393; x_wconf 92' lang='lat' dir='ltr'>Dei</span> 
     </span>
     <span class='ocr_line' id='line_1_19' title="bbox 302 1416 1659 1461; baseline -0.002 -10"><span class='ocrx_word' id='word_1_108' title='bbox 302 1420 528 1457; x_wconf 75' lang='lat' dir='ltr'>seminabant,</span> <span class='ocrx_word' id='word_1_109' title='bbox 547 1419 766 1461; x_wconf 88' lang='lat' dir='ltr'>multumque</span> <span class='ocrx_word' id='word_1_110' title='bbox 785 1417 937 1451; x_wconf 87' lang='lat' dir='ltr'>fructum</span> <span class='ocrx_word' id='word_1_111' title='bbox 956 1417 1030 1449; x_wconf 87' lang='lat' dir='ltr'>Deo</span> <span class='ocrx_word' id='word_1_112' title='bbox 1048 1416 1228 1455; x_wconf 84' lang='lat' dir='ltr'>faciebant,</span> <span class='ocrx_word' id='word_1_113' title='bbox 1255 1417 1383 1449; x_wconf 88' lang='lat' dir='ltr'>scilicet</span> <span class='ocrx_word' id='word_1_114' title='bbox 1408 1416 1506 1455; x_wconf 87' lang='lat' dir='ltr'>Etto,</span> <span class='ocrx_word' id='word_1_115' title='bbox 1533 1416 1659 1449; x_wconf 87' lang='lat' dir='ltr'>Bertu-</span> 
     </span>
     <span class='ocr_line' id='line_1_20' title="bbox 304 1472 1657 1518; baseline -0.003 -10"><span class='ocrx_word' id='word_1_116' title='bbox 304 1477 391 1513; x_wconf 81' lang='lat' dir='ltr'>inus.</span> <span class='ocrx_word' id='word_1_117' title='bbox 410 1475 612 1518; x_wconf 81' lang='lat' dir='ltr'>Eloquius.”</span> <span class='ocrx_word' id='word_1_118' title='bbox 661 1473 796 1506; x_wconf 86' lang='lat' dir='ltr'>Auctor</span> <span class='ocrx_word' id='word_1_119' title='bbox 817 1473 1073 1506; x_wconf 89' lang='lat' dir='ltr'>vetustissimus</span> <span class='ocrx_word' id='word_1_120' title='bbox 1099 1472 1175 1504; x_wconf 87' lang='lat' dir='ltr'>MS.</span> <span class='ocrx_word' id='word_1_121' title='bbox 1203 1483 1397 1516; x_wconf 85' lang='lat' dir='ltr'>anonymus</span> <span class='ocrx_word' id='word_1_122' title='bbox 1419 1473 1456 1504; x_wconf 89' lang='lat' dir='ltr'>in</span> <span class='ocrx_word' id='word_1_123' title='bbox 1479 1472 1657 1516; x_wconf 85' lang='lat' dir='ltr'>collegiata</span> 
     </span>
     <span class='ocr_line' id='line_1_21' title="bbox 304 1527 1658 1567; baseline -0.003 -3"><span class='ocrx_word' id='word_1_124' title='bbox 304 1532 444 1564; x_wconf 83' lang='lat' dir='ltr'>ecclesia</span> <span class='ocrx_word' id='word_1_125' title='bbox 462 1530 578 1563; x_wconf 86' lang='lat' dir='ltr'>Sancti</span> <span class='ocrx_word' id='word_1_126' title='bbox 600 1530 763 1562; x_wconf 90' lang='lat' dir='ltr'>Mononis</span> <span class='ocrx_word' id='word_1_127' title='bbox 782 1529 925 1561; x_wconf 89' lang='lat' dir='ltr'>dioecesi</span> <span class='ocrx_word' id='word_1_128' title='bbox 945 1528 1139 1567; x_wconf 83' lang='lat' dir='ltr'>Leodiensi,</span> <span class='ocrx_word' id='word_1_129' title='bbox 1153 1533 1192 1560; x_wconf 89' lang='lat' dir='ltr'>nt</span> <span class='ocrx_word' id='word_1_130' title='bbox 1211 1528 1332 1561; x_wconf 84' lang='lat' dir='ltr'>recitat</span> <span class='ocrx_word' id='word_1_131' title='bbox 1350 1527 1516 1561; x_wconf 89' lang='lat' dir='ltr'>Laurent.</span> <span class='ocrx_word' id='word_1_132' title='bbox 1536 1527 1658 1560; x_wconf 90' lang='lat' dir='ltr'>Surius</span> 
     </span>
     <span class='ocr_line' id='line_1_22' title="bbox 304 1584 1657 1627; baseline -0.002 -7"><span class='ocrx_word' id='word_1_133' title='bbox 304 1593 386 1620; x_wconf 89' lang='lat' dir='ltr'>tom.</span> <span class='ocrx_word' id='word_1_134' title='bbox 408 1595 442 1619; x_wconf 76' lang='lat' dir='ltr'>v,</span> <span class='ocrx_word' id='word_1_135' title='bbox 462 1587 516 1618; x_wconf 88' lang='lat' dir='ltr'>die</span> <span class='ocrx_word' id='word_1_136' title='bbox 534 1594 650 1618; x_wconf 72' lang='lat' dir='ltr'>XVIII.</span> <span class='ocrx_word' id='word_1_137' title='bbox 671 1585 810 1617; x_wconf 89' lang='lat' dir='ltr'>Octobr.</span> <span class='ocrx_word' id='word_1_138' title='bbox 832 1589 852 1602; x_wconf 90' lang='grc'><strong><em>“</em></strong></span> <span class='ocrx_word' id='word_1_139' title='bbox 870 1585 953 1617; x_wconf 87' lang='lat' dir='ltr'>Fuit</span> <span class='ocrx_word' id='word_1_140' title='bbox 971 1584 1005 1616; x_wconf 88' lang='lat' dir='ltr'>S.</span> <span class='ocrx_word' id='word_1_141' title='bbox 1025 1584 1156 1617; x_wconf 91' lang='lat' dir='ltr'>Monon</span> <span class='ocrx_word' id='word_1_142' title='bbox 1175 1585 1216 1617; x_wconf 85' lang='lat' dir='ltr'>(le</span> <span class='ocrx_word' id='word_1_143' title='bbox 1240 1585 1388 1617; x_wconf 85' lang='lat' dir='ltr'>occiduis</span> <span class='ocrx_word' id='word_1_144' title='bbox 1412 1584 1533 1616; x_wconf 88' lang='lat' dir='ltr'>mundi</span> <span class='ocrx_word' id='word_1_145' title='bbox 1551 1585 1657 1627; x_wconf 87' lang='lat' dir='ltr'>parti-</span> 
     </span>
     <span class='ocr_line' id='line_1_23' title="bbox 301 1640 1657 1683; baseline -0.002 -8"><span class='ocrx_word' id='word_1_146' title='bbox 301 1644 364 1675; x_wconf 90' lang='lat' dir='ltr'>bus</span> <span class='ocrx_word' id='word_1_147' title='bbox 382 1643 559 1680; x_wconf 86' lang='lat' dir='ltr'>oriundus,</span> <span class='ocrx_word' id='word_1_148' title='bbox 578 1641 735 1674; x_wconf 87' lang='lat' dir='ltr'>videlicet</span> <span class='ocrx_word' id='word_1_149' title='bbox 753 1652 795 1673; x_wconf 87' lang='lat' dir='ltr'>ex</span> <span class='ocrx_word' id='word_1_150' title='bbox 813 1640 938 1679; x_wconf 88' lang='lat' dir='ltr'>Scotia,</span> <span class='ocrx_word' id='word_1_151' title='bbox 958 1652 1045 1683; x_wconf 88' lang='lat' dir='ltr'>quae</span> <span class='ocrx_word' id='word_1_152' title='bbox 1070 1641 1196 1673; x_wconf 86' lang='lat' dir='ltr'>multos</span> <span class='ocrx_word' id='word_1_153' title='bbox 1222 1644 1430 1678; x_wconf 88' lang='lat' dir='ltr'>sanctorum,</span> <span class='ocrx_word' id='word_1_154' title='bbox 1458 1641 1553 1672; x_wconf 90' lang='lat' dir='ltr'>velut</span> <span class='ocrx_word' id='word_1_155' title='bbox 1578 1641 1657 1673; x_wconf 89' lang='lat' dir='ltr'>stel-</span> 
     </span>
     <span class='ocr_line' id='line_1_24' title="bbox 302 1695 1656 1739; baseline -0.002 -8"><span class='ocrx_word' id='word_1_156' title='bbox 302 1701 351 1732; x_wconf 86' lang='lat' dir='ltr'>las</span> <span class='ocrx_word' id='word_1_157' title='bbox 369 1697 536 1736; x_wconf 86' lang='lat' dir='ltr'>lucifluas,</span> <span class='ocrx_word' id='word_1_158' title='bbox 563 1698 605 1729; x_wconf 88' lang='lat' dir='ltr'>ad</span> <span class='ocrx_word' id='word_1_159' title='bbox 631 1697 783 1729; x_wconf 87' lang='lat' dir='ltr'>diversas</span> <span class='ocrx_word' id='word_1_160' title='bbox 810 1697 931 1729; x_wconf 84' lang='lat' dir='ltr'>mundi</span> <span class='ocrx_word' id='word_1_161' title='bbox 957 1697 1152 1729; x_wconf 85' lang='lat' dir='ltr'>transmisit</span> <span class='ocrx_word' id='word_1_162' title='bbox 1178 1701 1303 1739; x_wconf 87' lang='lat' dir='ltr'>partes,</span> <span class='ocrx_word' id='word_1_163' title='bbox 1328 1700 1368 1728; x_wconf 92' lang='lat' dir='ltr'>ut</span> <span class='ocrx_word' id='word_1_164' title='bbox 1393 1695 1462 1728; x_wconf 85' lang='lat' dir='ltr'>fuit</span> <span class='ocrx_word' id='word_1_165' title='bbox 1486 1696 1656 1739; x_wconf 86' lang='lat' dir='ltr'>pretiosus</span> 
     </span>
     <span class='ocr_line' id='line_1_25' title="bbox 303 1751 1657 1795; baseline -0.002 -8"><span class='ocrx_word' id='word_1_166' title='bbox 303 1755 475 1787; x_wconf 79' lang='lat' dir='ltr'>confessor</span> <span class='ocrx_word' id='word_1_167' title='bbox 498 1753 683 1791; x_wconf 85' lang='lat' dir='ltr'>Fursaeus,</span> <span class='ocrx_word' id='word_1_168' title='bbox 707 1763 809 1795; x_wconf 86' lang='lat' dir='ltr'>quem</span> <span class='ocrx_word' id='word_1_169' title='bbox 832 1752 987 1785; x_wconf 84' lang='lat' dir='ltr'>Parrona</span> <span class='ocrx_word' id='word_1_170' title='bbox 1009 1753 1135 1785; x_wconf 85' lang='lat' dir='ltr'>retinet</span> <span class='ocrx_word' id='word_1_171' title='bbox 1158 1753 1247 1785; x_wconf 88' lang='lat' dir='ltr'>laeta</span> <span class='ocrx_word' id='word_1_172' title='bbox 1272 1762 1350 1784; x_wconf 92' lang='lat' dir='ltr'>cum</span> <span class='ocrx_word' id='word_1_173' title='bbox 1375 1751 1483 1784; x_wconf 88' lang='lat' dir='ltr'>fratre</span> <span class='ocrx_word' id='word_1_174' title='bbox 1508 1762 1570 1784; x_wconf 89' lang='lat' dir='ltr'>suo</span> <span class='ocrx_word' id='word_1_175' title='bbox 1597 1751 1657 1784; x_wconf 89' lang='lat' dir='ltr'>Ul-</span> 
     </span>
     <span class='ocr_line' id='line_1_26' title="bbox 303 1807 1656 1852; baseline -0.002 -8"><span class='ocrx_word' id='word_1_176' title='bbox 303 1817 394 1849; x_wconf 84' lang='lat' dir='ltr'>tano,</span> <span class='ocrx_word' id='word_1_177' title='bbox 414 1815 447 1843; x_wconf 90' lang='lat' dir='ltr'>et</span> <span class='ocrx_word' id='word_1_178' title='bbox 470 1810 648 1842; x_wconf 84' lang='lat' dir='ltr'>Foillanus</span> <span class='ocrx_word' id='word_1_179' title='bbox 675 1820 793 1841; x_wconf 87' lang='lat' dir='ltr'>eorum</span> <span class='ocrx_word' id='word_1_180' title='bbox 818 1808 936 1846; x_wconf 87' lang='lat' dir='ltr'>frater,</span> <span class='ocrx_word' id='word_1_181' title='bbox 963 1809 1080 1852; x_wconf 84' lang='lat' dir='ltr'>magni</span> <span class='ocrx_word' id='word_1_182' title='bbox 1106 1809 1221 1841; x_wconf 88' lang='lat' dir='ltr'>meriti</span> <span class='ocrx_word' id='word_1_183' title='bbox 1247 1808 1312 1845; x_wconf 88' lang='lat' dir='ltr'>vir,</span> <span class='ocrx_word' id='word_1_184' title='bbox 1338 1807 1436 1851; x_wconf 86' lang='lat' dir='ltr'>cujus</span> <span class='ocrx_word' id='word_1_185' title='bbox 1463 1809 1656 1850; x_wconf 88' lang='lat' dir='ltr'>praesentia</span> 
     </span>
     <span class='ocr_line' id='line_1_27' title="bbox 303 1862 1656 1910; baseline -0.002 -11"><span class='ocrx_word' id='word_1_186' title='bbox 303 1867 463 1900; x_wconf 83' lang='lat' dir='ltr'>Castrum</span> <span class='ocrx_word' id='word_1_187' title='bbox 483 1865 673 1910; x_wconf 86' lang='lat' dir='ltr'>congaudet</span> <span class='ocrx_word' id='word_1_188' title='bbox 693 1864 870 1903; x_wconf 86' lang='lat' dir='ltr'>Fossense,</span> <span class='ocrx_word' id='word_1_189' title='bbox 897 1864 1043 1896; x_wconf 89' lang='lat' dir='ltr'>Sanctus</span> <span class='ocrx_word' id='word_1_190' title='bbox 1062 1864 1319 1907; x_wconf 83' lang='lat' dir='ltr'>Fredegandus‚</span> <span class='ocrx_word' id='word_1_191' title='bbox 1347 1862 1493 1897; x_wconf 83' lang='lat' dir='ltr'>Sanctus</span> <span class='ocrx_word' id='word_1_192' title='bbox 1519 1874 1656 1906; x_wconf 88' lang='lat' dir='ltr'>quoque</span> 
     </span>
     <span class='ocr_line' id='line_1_28' title="bbox 305 1918 1656 1963; baseline -0.004 -8"><span class='ocrx_word' id='word_1_193' title='bbox 305 1923 504 1960; x_wconf 88' lang='lat' dir='ltr'>Bertuinus,</span> <span class='ocrx_word' id='word_1_194' title='bbox 523 1932 584 1954; x_wconf 88' lang='lat' dir='ltr'>nec</span> <span class='ocrx_word' id='word_1_195' title='bbox 602 1932 670 1954; x_wconf 86' lang='lat' dir='ltr'>non</span> <span class='ocrx_word' id='word_1_196' title='bbox 695 1921 728 1953; x_wconf 84' lang='lat' dir='ltr'>S.</span> <span class='ocrx_word' id='word_1_197' title='bbox 749 1920 920 1963; x_wconf 87' lang='lat' dir='ltr'>Eloquius</span> <span class='ocrx_word' id='word_1_198' title='bbox 943 1919 1116 1952; x_wconf 88' lang='lat' dir='ltr'>confessor</span> <span class='ocrx_word' id='word_1_199' title='bbox 1139 1918 1351 1963; x_wconf 85' lang='lat' dir='ltr'>magnificus,</span> <span class='ocrx_word' id='word_1_200' title='bbox 1377 1929 1479 1961; x_wconf 91' lang='lat' dir='ltr'>quem</span> <span class='ocrx_word' id='word_1_201' title='bbox 1506 1918 1656 1951; x_wconf 58' lang='lat' dir='ltr'>WValcio-</span> 
     </span>
     <span class='ocr_line' id='line_1_29' title="bbox 303 1975 1190 2018; baseline -0.005 -7"><span class='ocrx_word' id='word_1_202' title='bbox 303 1980 439 2011; x_wconf 87' lang='lat' dir='ltr'>diorum</span> <span class='ocrx_word' id='word_1_203' title='bbox 458 1982 643 2010; x_wconf 86' lang='lat' dir='ltr'>veneratur</span> <span class='ocrx_word' id='word_1_204' title='bbox 661 1976 895 2010; x_wconf 85' lang='lat' dir='ltr'>coenobium.&#39;&#39;</span> <span class='ocrx_word' id='word_1_205' title='bbox 945 1975 1090 2018; x_wconf 86' lang='lat' dir='ltr'>Scripsit</span> <span class='ocrx_word' id='word_1_206' title='bbox 1109 1986 1190 2007; x_wconf 91' lang='lat' dir='ltr'>vero</span> 
     </span>
    </p>

    <p class='ocr_par' dir='ltr' id='par_1_6' title="bbox 445 2031 1319 2066">
     <span class='ocr_line' id='line_1_30' title="bbox 445 2031 1319 2066; baseline -0.003 0"><span class='ocrx_word' id='word_1_207' title='bbox 445 2033 717 2066; x_wconf 86' lang='lat' dir='ltr'>Exhortationes</span> <span class='ocrx_word' id='word_1_208' title='bbox 735 2032 777 2064; x_wconf 90' lang='lat' dir='ltr'>ad</span> <span class='ocrx_word' id='word_1_209' title='bbox 797 2031 949 2063; x_wconf 86' lang='lat' dir='ltr'>Gentiles</span> <span class='ocrx_word' id='word_1_210' title='bbox 1214 2031 1273 2063; x_wconf 89' lang='lat' dir='ltr'>lib.</span> <span class='ocrx_word' id='word_1_211' title='bbox 1294 2040 1319 2063; x_wconf 91' lang='grc' dir='ltr'>Ι.</span> 
     </span>
    </p>

    <p class='ocr_par' dir='ltr' id='par_1_7' title="bbox 446 2086 1462 2121">
     <span class='ocr_line' id='line_1_31' title="bbox 446 2086 1462 2121; baseline -0.003 0"><span class='ocrx_word' id='word_1_212' title='bbox 446 2089 618 2121; x_wconf 89' lang='lat' dir='ltr'>Homilias</span> <span class='ocrx_word' id='word_1_213' title='bbox 1212 2087 1270 2119; x_wconf 90' lang='lat' dir='ltr'>lib.</span> <span class='ocrx_word' id='word_1_214' title='bbox 1291 2096 1315 2119; x_wconf 91' lang='grc' dir='ltr'>Ι.</span> <span class='ocrx_word' id='word_1_215' title='bbox 1334 2091 1368 2119; x_wconf 91' lang='lat' dir='ltr'>et</span> <span class='ocrx_word' id='word_1_216' title='bbox 1385 2086 1462 2119; x_wconf 87' lang='lat' dir='ltr'>alia.</span> 
     </span>
    </p>

    <p class='ocr_par' dir='ltr' id='par_1_8' title="bbox 350 2141 1653 2178">
     <span class='ocr_line' id='line_1_32' title="bbox 350 2141 1653 2178; baseline -0.004 0"><span class='ocrx_word' id='word_1_217' title='bbox 350 2145 486 2178; x_wconf 88' lang='lat' dir='ltr'>Floruit</span> <span class='ocrx_word' id='word_1_218' title='bbox 504 2155 593 2177; x_wconf 89' lang='lat' dir='ltr'>anno</span> <span class='ocrx_word' id='word_1_219' title='bbox 612 2152 718 2176; x_wconf 85' lang='lat' dir='ltr'>DCLI.</span> <span class='ocrx_word' id='word_1_220' title='bbox 771 2144 906 2176; x_wconf 89' lang='lat' dir='ltr'>Colitur</span> <span class='ocrx_word' id='word_1_221' title='bbox 923 2143 979 2175; x_wconf 88' lang='lat' dir='ltr'>die</span> <span class='ocrx_word' id='word_1_222' title='bbox 998 2151 1055 2174; x_wconf 89' lang='lat'>111.</span> <span class='ocrx_word' id='word_1_223' title='bbox 1074 2142 1252 2175; x_wconf 86' lang='lat' dir='ltr'>Decembr.</span> <span class='ocrx_word' id='word_1_224' title='bbox 1294 2142 1440 2176; x_wconf 88' lang='lat' dir='ltr'>Arnold.</span> <span class='ocrx_word' id='word_1_225' title='bbox 1461 2141 1576 2174; x_wconf 91' lang='lat' dir='ltr'>Uvion</span> <span class='ocrx_word' id='word_1_226' title='bbox 1595 2143 1653 2175; x_wconf 88' lang='lat' dir='ltr'>lib.</span> 
     </span>
    </p>

    <p class='ocr_par' dir='ltr' id='par_1_9' title="bbox 305 2200 947 2246">
     <span class='ocr_line' id='line_1_33' title="bbox 305 2200 947 2246; baseline -0.008 -11"><span class='ocrx_word' id='word_1_227' title='bbox 305 2211 360 2235; x_wconf 88' lang='lat'><em>111.</em></span> <span class='ocrx_word' id='word_1_228' title='bbox 381 2201 459 2246; x_wconf 85' lang='lat' dir='ltr'>Lig.</span> <span class='ocrx_word' id='word_1_229' title='bbox 478 2200 582 2241; x_wconf 84' lang='lat' dir='ltr'>Vitae</span> <span class='ocrx_word' id='word_1_230' title='bbox 601 2211 680 2244; x_wconf 86' lang='lat' dir='ltr'>pag.</span> <span class='ocrx_word' id='word_1_231' title='bbox 701 2207 947 2232; x_wconf 77' lang='lat' dir='ltr'>CCCLxxxw.</span> 
     </span>
    </p>
   </div>
  </div>
 </body>
</html>
