1861 2682
1584 266 1602 293 0«

629 265 800 297 GENTIS
824 264 1094 302 SCOTORUM,
1119 263 1205 295 LIB.
1230 264 1255 295 Ι.

262 364 295 392 et
313 359 498 404 diligenter
515 357 757 401 eloquentique
775 358 866 401 stylo
883 356 1021 400 scripsit

405 413 496 447 Acta
513 413 643 457 Synodi
662 413 857 446 Perthauae
1179 411 1238 445 lib.
1259 419 1284 444 1.

310 469 447 502 Floruit
464 480 555 502 anno
574 477 745 502 MCCXXI.
789 468 845 501 Sic
861 468 974 501 dictus
992 468 1085 511 quod
1102 467 1243 501 nomine
1257 466 1458 509 pontificum
1474 471 1535 500 aut
1550 468 1621 510 epi-

260 535 443 567 scoporum
469 525 505 558 in
531 525 683 558 conciliis
708 525 939 567 responderet,
966 521 1030 556 ἀπὸ
1055 524 1110 555 τοῦ
1140 521 1371 567 ἀποκρίνεσθαι,
1400 523 1498 555 docte
1529 522 1620 555 Lan-

260 581 406 612 celottus
424 585 458 613 et
475 581 544 619 alii,
564 580 606 613 ad
625 591 698 622 cap.
721 579 922 624 significasti
945 580 986 612 de
1008 580 1103 612 elect.
1130 579 1166 611 in
1179 579 1260 622 jure
1278 579 1452 611 canonico.
1504 579 1538 611 S.
1560 578 1622 611 Isi-

260 635 365 668 dorus
384 635 420 668 in
438 634 591 669 Glossis:
618 640 639 654 ‘⁵
656 635 921 679 Apomysarius,
939 635 1098 668 minister
1117 634 1295 667 Romanae
1314 634 1503 667 ecclesiae.”

644 729 924 764 ANONYMUS
951 730 1131 764 ΡΟΕΤΑ.
1184 732 1241 767 98.

260 802 606 842 HAERETICORUM,
628 814 777 846 quorum
799 808 839 836 ut
860 808 980 836 contra
1002 814 1120 847 regem
1143 814 1254 846 nuper
1277 803 1410 836 detecta
1432 803 1547 836 fuerat
1571 814 1622 835 re-

258 858 370 896 bellio,
389 863 423 891 et
440 857 631 891 furentium
650 859 810 902 proditio,
831 859 881 891 ita
898 859 1032 901 pridem
1049 859 1234 891 manifesta
1251 858 1288 891 in
1311 858 1425 891 Deum
1449 859 1619 902 impietas,

258 914 396 946 caedem
414 914 546 947 solenni
564 914 599 946 S.
619 914 877 947 Bartholomaei
894 914 983 947 festo
1000 915 1082 946 anni
1106 922 1267 947 MDLXX.
1294 914 1456 947 Lutetiae
1480 919 1514 947 et
1537 915 1619 947 alibi

258 970 294 1002 in
313 968 426 1002 Gallia
443 969 581 1008 factam,
600 980 793 1013 anonymus
812 970 954 1012 quidam
972 974 1074 1012 poeta
1092 969 1214 1002 Scotus
1232 972 1337 1013 paulo
1355 982 1459 1014 quam
1473 982 1537 1014 par
1551 971 1619 1004 fuit

258 1025 424 1063 acerbius,
444 1026 594 1059 mordaci
614 1026 673 1058 sed
691 1025 877 1058 admodum
899 1026 1061 1070 eleganti,
1079 1030 1113 1059 et
1131 1025 1317 1058 affectuum
1333 1027 1534 1069 plenissimo
1549 1038 1621 1059 car-

258 1081 361 1119 mine,
380 1082 595 1123 perstrinxit,
613 1082 717 1115 titulo
735 1078 876 1113 Furiae
893 1079 1108 1114 Francicae.
1161 1081 1380 1124 Principium
1402 1083 1519 1126 arguit
1541 1094 1620 1115 auc-

258 1142 368 1169 torem
398 1138 594 1170 exulcerato
624 1147 816 1180 parumque
846 1147 956 1179 aequo
984 1137 1020 1169 in
1051 1147 1180 1181 regem,
1207 1138 1375 1182 reginam,
1408 1137 1619 1181 Guisiosque

257 1191 364 1224 fuisse
389 1192 516 1229 animo,
542 1202 676 1224 necnon
701 1203 722 1224 a
741 1192 807 1224 fide
833 1192 1012 1225 Catholica
1035 1193 1159 1232 alieno,
1188 1194 1348 1236 quamvis
1367 1194 1494 1227 occisos
1514 1194 1620 1226 etiam

257 1246 452 1280 Catholicos
472 1246 596 1280 deflere
615 1248 702 1280 velle
721 1247 893 1280 videatur.

553 1309 644 1345 Impie
657 1318 716 1340 rex,
731 1313 822 1336 mater
834 1309 1004 1342 truculenta,
1020 1310 1165 1347 invisaque
1180 1311 1263 1343 coelo,

551 1354 721 1383 Guisiadum
736 1354 849 1383 soboles.

633 1451 913 1486 ANONYMUS
941 1452 1120 1487 POETA.
1173 1456 1229 1492 99.

256 1525 342 1563 QUO
370 1530 523 1567 tempore
551 1525 587 1557 in
617 1524 759 1570 Anglia,
791 1526 949 1559 luctuoso
976 1526 1178 1559 Christiano
1204 1526 1279 1559 orbi
1307 1528 1474 1570 exemplo,
1504 1527 1618 1560 Maria

257 1580 409 1619 Stuarta,
436 1580 618 1614 Scotorum
643 1581 773 1625 regina,
800 1581 1052 1615 haereticorum
1077 1583 1121 1615 ad
1146 1583 1325 1616 libidinem
1352 1588 1403 1616 est
1430 1584 1618 1619 immolata.

254 1641 326 1669 tam
361 1636 537 1670 funestum
572 1637 732 1670 ecclesiae
766 1636 944 1670 Romanae
978 1639 1145 1682 regnique
1175 1638 1300 1672 Scotici
1331 1650 1448 1672 casum
1480 1640 1619 1684 ingenia

255 1693 417 1735 pleraque
449 1693 541 1725 illius
575 1694 652 1725 aevi
686 1693 918 1736 deploravere.
970 1693 1037 1726 Sed
1072 1694 1221 1727 eminuit
1254 1706 1448 1738 anonymus
1477 1696 1618 1738 quidam

253 1747 389 1787 Scotus,
409 1749 474 1782 sub
491 1749 605 1787 titulo,

401 1804 603 1847 Deploratio
620 1805 756 1849 indigni
776 1804 924 1838 Funeris
943 1804 1076 1839 Mariae
1095 1805 1277 1839 Scotorum
1297 1807 1462 1851 Reginae,
1482 1808 1540 1840 lib.
1565 1818 1587 1839 1.

304 1860 438 1893 Auctor
456 1861 523 1899 ille,
549 1861 623 1894 sive
640 1860 663 1892 J
665 1861 790 1894 acobus
810 1861 982 1900 Gadanus,
1009 1863 1082 1894 sive
1099 1862 1258 1895 Adamus
1276 1862 1524 1901 Blacvodaeus,
1543 1864 1616 1896 sive

255 1916 426 1960 Georgius
444 1916 634 1956 Critonius,
662 1916 775 1961 (cujus
798 1922 881 1950 sunt
905 1918 1152 1961 elegantissimi
1178 1929 1297 1951 versus
1323 1919 1509 1962 subscripti
1533 1920 1617 1952 ima-

255 1972 340 2015 gini,
368 1983 437 2014 qua
460 1976 533 2004 tota
557 1973 710 2016 ejusdem
735 1974 875 2017 reginae
899 1974 1058 2017 martyrii
1083 1975 1261 2018 tragoedia
1282 1980 1561 2017 repraesentatur
1584 1981 1615 2008 et

255 2027 488 2070 exprimitur,)
516 2027 697 2061 Scotorum
723 2029 903 2062 rebellium
929 2029 1074 2068 furores,
1105 2030 1336 2063 clandestinos
1363 2030 1617 2064 Germanorum

254 2083 504 2115 haereticorum
523 2089 677 2123 conatus,
702 2084 929 2129 foedifragam
953 2090 987 2118 et
1010 2086 1198 2119 subiectam
1226 2086 1451 2119 Elizabethae
1477 2089 1615 2130 spuriae

255 2139 470 2182 Anglieanae
489 2139 702 2182 impietatem
720 2140 764 2173 ob
781 2142 896 2173 oculos
915 2152 984 2174 non
1002 2143 1075 2174 sine
1090 2142 1388 2175 commiseratione
1406 2148 1439 2176 et
1459 2144 1615 2188 indigna-

255 2195 349 2227 tione
367 2195 476 2237 ponit.
530 2195 673 2227 Initium
692 2196 853 2228 carminis
869 2206 877 2229 :

550 2256 666 2288 1esabe1,
681 2256 793 2293 hospitii
808 2257 910 2286 violato
919 2259 994 2295 jure,
1008 2260 1133 2288 scelestis

550 2302 685 2339 Reginam
699 2302 827 2330 manibus
841 2310 985 2341 cognatam
999 2306 1124 2334 sustulit.

304 2356 478 2391 Hortatur
496 2358 599 2391 etiam
619 2357 783 2401 Europae
804 2359 986 2403 principeS,
1010 2366 1050 2393 ut
1074 2362 1215 2406 dignam
1243 2367 1361 2396 tantae
1386 2368 1420 2396 et
1444 2368 1514 2395 tam
1539 2375 1614 2395 san-

254 2418 327 2446 ctae
361 2413 509 2448 feminae
544 2414 703 2448 manibus
748 2415 915 2449 ultionem
958 2421 1146 2459 praestent,
1189 2429 1251 2451 nec
1290 2419 1479 2464 augurium
1522 2418 1616 2452 fefel-

932 2481 943 2504 1
