1861 2682
598 235 769 266 GENTIS
794 234 1066 272 SCOTORUM,
1093 234 1179 265 LIB.
1207 234 1263 265 IV.
1559 238 1619 268 2239

567 383 858 417 GULIELMUS
884 381 1165 415 DUNCANUS.
1218 385 1299 416 433.

254 497 497 529 GULIELMUS
516 496 718 533 Duncanus,
736 495 834 528 bonis
859 495 991 528 artibus
1009 505 1115 537 supra
1134 495 1197 527 hoc
1216 496 1382 534 seculum,
1408 500 1442 529 et
1466 496 1616 529 maxime

255 551 394 584 Graecis
412 552 521 584 literis
540 552 583 585 ad
601 552 807 584 miraculum
826 551 990 590 imbutus,
1009 551 1129 584 multis
1148 551 1248 584 annis
1267 551 1485 591 humaniora,
1504 557 1543 585 ut
1557 563 1616 585 vo-

251 612 342 646 cant,
362 608 479 640 studia
496 609 686 650 amplexus,
706 607 913 640 rhetoricam
937 608 1028 650 apud
1053 606 1178 640 Volcas
1203 618 1282 640 rara
1308 609 1615 646 commendatione,

253 673 456 705 summoque
484 663 652 696 nobilium
682 663 881 696 auditorum
911 674 1079 696 concursu
1113 663 1254 702 docuit3
1287 675 1379 697 nunc
1406 665 1510 697 audio
1540 664 1616 707 phi-

253 719 444 761 losophiam
470 731 606 752 summa
629 731 707 752 cum
731 719 842 763 gloria
866 719 1015 752 nominis
1039 718 1205 761 profiteri.
1257 719 1325 753 Est
1350 720 1386 752 in
1413 731 1452 753 eo
1478 721 1617 753 homine

252 775 341 807 mira
359 775 514 814 comitas,
533 780 568 808 et
591 775 707 808 festivi
733 786 845 808 mores
870 775 1005 808 erudita
1028 775 1203 819 gravitate
1230 776 1371 815 conditi,
1398 781 1438 809 ut
1463 777 1556 819 ipsas
1582 782 1615 809 te

253 829 374 863 Musas
398 831 526 864 intueri
551 842 699 869 censeas,
725 831 754 863 si
780 831 816 863 in
843 831 1053 874 colloquium
1078 841 1156 863 cum
1183 841 1222 863 eo
1248 832 1474 865 descenderis.
1526 832 1616 877 Ejus

251 891 355 919 sunt:

397 943 545 976 Carmen
570 943 806 986 antiquarium
826 942 884 975 lib.
906 951 930 975 Ι.
954 953 1023 986 quo
1047 943 1135 976 nihil
1161 944 1366 977 laboriosius
1389 949 1465 987 post
1494 945 1614 977 Musas

444 1004 562 1038 natas;
582 1000 697 1032 omnia
712 1000 803 1031 enim
817 999 982 1032 vocabula
995 999 1178 1042 antiquata
1191 1004 1284 1038 sunt,
1296 1010 1366 1032 non
1378 1004 1515 1033 tantum
1528 1001 1614 1033 anti-

444 1067 514 1098 qua
537 1067 579 1088 ex
604 1054 749 1094 Naevio,
773 1054 933 1093 Afranio,
958 1055 1115 1098 aliisque.
1143 1055 1352 1095 Exordium,
1379 1060 1399 1074 ‘⁵
1416 1055 1615 1089 Axamenta

443 1112 560 1144 cano.'’

396 1167 631 1200 Praefationes
650 1167 787 1200 habitae
805 1167 950 1210 publice,
971 1168 1054 1200 dum
1071 1168 1207 1211 lyceum
1226 1168 1430 1211 aperiretur,
1448 1168 1507 1201 lib.
1528 1177 1551 1201 1.

396 1222 509 1256 Notae
527 1224 564 1255 in
583 1223 765 1255 Platonem
1111 1224 1170 1256 lib.
1191 1233 1214 1256 Ι.

396 1278 510 1311 Notae
528 1279 565 1311 in
583 1278 749 1311 Cointum
769 1278 955 1311 Calabrum
1106 1280 1168 1313 lib.
1188 1289 1212 1312 1.

395 1334 666 1368 Observationes
685 1334 721 1366 in
740 1334 908 1366 Photium
1108 1336 1167 1369 lib.
1189 1345 1213 1368 1.

297 1391 398 1425 Vivit
415 1391 529 1424 adhuc
547 1391 583 1423 in
601 1390 794 1429 Occitania‚
821 1390 880 1423 ubi
906 1399 976 1424 XX.
1001 1396 1035 1424 et
1061 1392 1216 1434 amplius*
1236 1403 1408 1426 annorum
1432 1393 1615 1437 professor,

250 1448 371 1481 rudem
390 1458 461 1481 non
478 1447 600 1491 poscit,
619 1447 678 1480 sed
696 1446 868 1479 indefesso
885 1446 1002 1480 labore
1020 1447 1085 1480 sibi
1104 1459 1143 1481 ac
1161 1440 1295 1491 patriae
1313 1450 1460 1493 gloriam
1479 1451 1581 1493 parit.

607 1615 812 1648 MARCUS
838 1615 1120 1651 DUNCANUS.
1174 1620 1254 1651 434.

250 1728 417 1761 MARCUS
436 1727 640 1766 Duucanus,
660 1729 848 1771 superioris
866 1727 984 1767 frater,
1004 1729 1134 1774 ingenii
1154 1732 1257 1763 etiam
1278 1731 1442 1764 felicitate
1461 1732 1491 1764 ei
1510 1732 1617 1764 simil-

254 1785 369 1824 limus,
391 1789 431 1817 ut
448 1784 548 1827 pauci
573 1785 643 1817 sint
661 1785 725 1817 hoc
744 1789 863 1817 nostro
882 1795 976 1822 aevo,
995 1796 1082 1827 quos
1102 1790 1122 1804 “
1142 1797 1205 1828 par
1223 1787 1336 1820 nobile
1354 1787 1523 1820 fratrum'’
1547 1799 1617 1821 non

252 1846 385 1884 aequet.
440 1840 508 1872 Hic
530 1841 573 1872 ad
592 1851 712 1873 severa
730 1841 846 1873 studia
864 1841 1019 1872 animum
1044 1843 1230 1884 appellens,
1255 1844 1347 1886 apud
1365 1842 1524 1876 Turones
1548 1843 1617 1876 for-

252 1902 417 1929 tunarum
435 1907 576 1929 suarum
596 1897 809 1929 domicilium
829 1895 916 1935 fixit,
943 1904 977 1929 et
995 1897 1251 1940 philosophiam
1271 1898 1493 1931 celeberrima
1510 1899 1613 1937 fama,

251 1963 447 1996 magnoque
465 1953 664 1985 auditorum
684 1952 918 1995 frequentium
938 1951 1055 1985 fructu
1073 1953 1260 1996 professus,
1279 1954 1388 1987 edidit

396 2007 449 2040 De
469 2008 600 2052 Logica
1113 2010 1171 2042 lib.
1193 2019 1228 2043 v.

396 2063 438 2095 Iu
458 2063 621 2095 Ethicam
642 2064 817 2107 Synopsiu
1108 2066 1167 2098 lib.
1190 2075 1212 2098 1.

400 2119 567 2152 Poemata
585 2120 682 2151 varia
1111 2122 1169 2155 lib.
1191 2131 1213 2153 1.

395 2175 582 2208 Orationes
1109 2178 1168 2210 lib.
1190 2187 1213 2210 1.

300 2231 398 2264 Vivit
414 2231 526 2263 adhuc
540 2230 733 2263 Salmuriae
748 2231 987 2274 philosophiae
1001 2233 1186 2276 professor,
1203 2239 1235 2266 et
1250 2235 1346 2278 genti
1366 2246 1448 2268 suae
1466 2236 1614 2274 laudem,

912 2290 933 2320 2
953 2297 965 2320 1
