1861 2682
638 269 810 301 GENTlS
835 267 1106 305 SCOTORUM,
1132 267 1218 298 LIB.
1247 268 1301 298 VI.
1586 268 1646 298 275

431 363 567 395 Monita
585 363 751 395 salutaria
769 362 811 394 ad
832 361 1097 403 Ferquhardum
1117 360 1249 404 Regem
1347 359 1405 392 lib.
1428 368 1451 391 1.

336 418 585 461 Episcopatum
604 423 656 451 est
673 419 818 460 adeptus
837 417 1159 449 Lindisfarnensem
1178 427 1269 448 anno
1295 425 1400 449 DCLI.
1426 426 1504 448 cum
1528 420 1645 448 tamen

287 474 488 507 Matthaeus
506 474 891 507 westmonasteriensis
909 484 1000 505 anno
1026 481 1115 505 DCL.
1141 483 1219 505 eum
1247 474 1445 515 episcopum
1470 472 1572 509 dicat,
1597 483 1647 503 re-

284 541 362 574 gem
382 529 701 562 Northumbroruin
722 530 880 562 Oswium
900 529 1103 572 baptizasse,
1123 534 1157 561 et
1175 529 1402 560 nihilominus
1421 528 1485 561 sibi
1511 532 1646 560 contra-

284 586 400 618 dicens
419 596 511 618 anno
530 595 637 617 DCLI.
666 585 748 618 haec
775 586 901 618 habet:
930 590 949 603 “
966 585 1127 618 Aidanus
1154 585 1346 628 episcopus,
1374 584 1417 617 ab
1442 585 1506 617 hoc
1532 585 1646 617 seculo

285 642 453 680 sublatus,
483 648 650 684 perpetua
676 642 833 674 laborum
860 652 1002 674 suorum
1029 641 1183 684 praemia
1199 641 1350 684 recepit3
1377 641 1542 673 successit
1560 641 1591 672 ei
1610 641 1645 672 111

285 698 520 740 episcopatum
549 697 870 730 Lindisfarnenseni
903 697 1070 736 Finanus,
1106 697 1246 730 natione
1278 697 1412 736 Scotus,
1449 697 1507 729 sed
1538 707 1646 739 parvo

286 758 439 796 tempore
469 754 505 786 111
531 754 732 796 episcopatu
760 754 981 796 permansit.”
1042 753 1140 786 Obiit
1171 764 1262 785 anno
1289 762 1426 786 DCLXI.
1454 754 1537 796 quid
1565 764 1646 785 vero

285 814 363 852 post
388 810 583 852 depositum
610 810 845 852 episcopatum
872 810 1028 853 gesserit,
1055 820 1118 853 ego
1142 820 1212 842 non
1236 810 1456 853 deprehendi.
1509 809 1646 842 Colitur

284 866 338 898 die
358 874 440 898 XVI.
461 866 627 898 Februar.
683 866 839 898 Breviar.
859 865 949 898 Scot.

730 978 765 1010 S.
795 978 1062 1011 FINTANUS.
1115 980 1196 1014 507.

284 1089 317 1121 S.
339 1090 550 1122 FINTANUS
570 1102 590 1122 a
607 1090 815 1132 quibusdam
834 1090 1025 1133 presbyter,
1054 1090 1097 1123 ab
1115 1091 1192 1123 aliis
1211 1091 1395 1130 confessor,
1421 1104 1441 1124 a
1467 1093 1642 1124 nonnullis

283 1146 475 1188 episcopus,
503 1146 686 1178 Breviario
704 1146 840 1178 Scotico
858 1146 953 1188 prior
971 1147 1183 1189 perhibetur.
1245 1147 1475 1192 Martyrolog.
1497 1149 1644 1181 Roman.

282 1201 337 1234 die
365 1210 465 1233 xvu.
491 1202 593 1234 Febr.
622 1206 642 1219 “
669 1202 711 1234 In
739 1202 853 1234 Scotia
880 1202 914 1233 S.
943 1201 1086 1234 Fintani
1113 1203 1318 1246 presbyteri,
1345 1209 1379 1236 et
1404 1204 1642 1237 00111033011537

285 1257 409 1290 Petrus
429 1257 627 1289 Gelasinius
646 1258 681 1289 in
706 1257 962 1301 Martyrologio
988 1259 1107 1291 eodem
1134 1260 1211 1292 die:
1239 1264 1259 1277 “
1278 1259 1321 1292 In
1339 1259 1454 1293 Scotia
1473 1260 1507 1293 S.
1528 1261 1646 1294 Finta-

283 1314 318 1345 ni
337 1313 543 1356 presbyter1‚
562 1318 596 1345 et
613 1313 830 1352 confessoris,
851 1313 1021 1357 singulari
1039 1315 1178 1356 pietate,
1193 1321 1227 1347 et
1242 1326 1369 1359 magna
1385 1316 1515 1349 virtute
1533 1318 1646 1350 clari.'⁷

283 1369 407 1402 Franc.
428 1369 653 1411 Maurolycus
672 1368 777 1401 abbas
804 1369 887 1401 item
915 1369 952 1400 in
976 1369 1232 1415 Martyrologio
1258 1382 1298 1404 eo
1324 1372 1402 1405 die:
1431 1376 1451 1391 “
1469 1372 1511 1405 Ι11
1531 1372 1647 1405 Scotia
1678 1361 1683 1366 ⁵

283 1426 318 1458 S.
338 1425 482 1458 Fintani
501 1425 664 1468 episcopi,
682 1435 830 1468 magnae
848 1425 990 1458 virtutis
1006 1426 1105 1458 viri.'’
1143 1426 1277 1460 Eadem
1294 1427 1487 1468 UsuarduS,
1504 1429 1564 1472 qui
1579 1440 1647 1462 11011

283 1482 326 1515 ad
344 1492 498 1519 manum,
517 1486 551 1513 et
570 1481 825 1525 Martyrologia
845 1481 947 1513 MSS.
967 1492 1037 1514 11011
1055 1487 1206 1515 exstant.

330 1537 469 1570 Floruit
486 1547 576 1569 anno
596 1545 786 1569 DCCCXXI.
806 1538 861 1569 vel
880 1546 1159 1571 DCCCCLXXIII.
1210 1539 1371 1573 Breviar.
1393 1540 1516 1574 Scotic.

732 1649 766 1681 S.
796 1649 1062 1684 FINTENUS.
1115 1654 1197 1685 508.

280 1762 315 1795 S.
336 1762 562 1799 FINTENUS,
588 1766 650 1794 aut
669 1761 855 1801 Fintanm,
882 1764 1012 1807 collega
1036 1765 1338 1809 peregrinationis,
1367 1778 1406 1799 ac
1423 1768 1534 1800 socius
1554 1780 1650 1801 sanc-

281 1819 392 1852 titatis
407 1818 451 1850 D.
466 1818 665 1851 Columbae.
710 1817 744 1850 S.
760 1818 990 1852 Adamantius
1005 1819 1127 1853 Scotus
1144 1821 1180 1853 in
1194 1821 1279 1854 Vita
1297 1823 1371 1866 ejus
1390 1823 1449 1856 lib.
1467 1833 1490 1856 1.
1510 1835 1583 1867 cap.
1606 1834 1646 1857 11.

283 1879 303 1893 “
330 1873 364 1906 S.
397 1874 579 1912 Fintenus,
610 1875 670 1917 qui
701 1879 821 1917 postea
848 1886 910 1917 per
939 1876 1119 1909 universas
1151 1877 1332 1911 Scotorum
1362 1880 1520 1912 ecclesias
1549 1882 1648 1913 valde

281 1930 456 1963 noscibilis
474 1930 614 1962 habitus
633 1936 696 1969 est,
716 1942 736 1963 a
753 1931 878 1973 puerili
903 1936 1016 1964 aetate
1042 1933 1280 1977 integritatem
1306 1936 1419 1967 carnis
1445 1941 1479 1969 et
1501 1937 1648 1976 animae,

282 1986 356 2018 Deo
375 1986 577 2029 adjuvante,
602 1987 811 2025 custodiens,
839 1987 964 2020 studiis
991 1989 1214 2022 dialecticalis
1241 1991 1383 2033 sophiae
1409 1992 1558 2030 deditus,
1585 1992 1649 2025 hoc

282 2042 499 2085 propositum
518 2042 555 2074 in
573 2043 672 2074 annis
687 2044 887 2086 juventutis
905 2050 1129 2077 conversatus
1153 2046 1188 2078 in
1217 2047 1318 2079 corde
1344 2047 1478 2086 habuit,
1505 2053 1545 2081 ut
1571 2059 1651 2081 nos-

282 2104 375 2130 trum
391 2097 426 2130 S.
443 2096 659 2136 Columbam,
680 2098 887 2131 Hiberniam
902 2100 1071 2139 deserens,
1090 2103 1375 2146 peregrinaturus
1398 2104 1547 2143 adiret;’'
1566 2116 1646 2138 nam

285 2154 467 2191 Fintenus,
485 2158 588 2197 gente
606 2154 741 2193 Scotus,
759 2159 800 2187 ut
818 2157 957 2188 annales
984 2158 1094 2189 nostri
1122 2157 1262 2197 habent,
1289 2158 1478 2193 Columbae
1504 2161 1540 2193 in
1566 2161 1646 2193 Sco—

283 2210 368 2242 tiam
397 2209 549 2241 venienti
580 2220 616 2242 se
641 2210 774 2253 junxit.
827 2210 1007 2244 Recolitur
1033 2213 1108 2256 ejus
1141 2215 1307 2248 memoria
1334 2225 1416 2249 XVI.
1449 2216 1642 2249 Februarii.

283 2265 514 2309 Martyrolog.
543 2264 696 2298 Usuardi
713 2274 720 2297 :
747 2270 768 2284 “
787 2266 829 2298 In
847 2266 963 2300 Scotia
981 2267 1015 2299 S.
1036 2267 1163 2300 Finani
1182 2268 1390 2313 presbyteri,
1418 2275 1452 2303 et
1478 2271 1649 2304 confesso-

279 2321 338 2359 ris,
357 2331 503 2365 magnae
524 2321 663 2354 virtutis
682 2322 780 2361 viri,''
798 2322 866 2355 nisi
884 2322 940 2355 hic
958 2323 1047 2356 alius
1065 2324 1123 2363 sit,
1141 2329 1182 2357 ut
1199 2336 1307 2369 supra
1325 2331 1377 2358 est
1395 2327 1539 2359 dictum.
