<?xml version="1.0" encoding="UTF-8"?>
<!DOCTYPE html PUBLIC "-//W3C//DTD XHTML 1.0 Transitional//EN"
    "http://www.w3.org/TR/xhtml1/DTD/xhtml1-transitional.dtd">
<html xmlns="http://www.w3.org/1999/xhtml" xml:lang="en" lang="en">
 <head>
  <title>
</title>
<meta http-equiv="Content-Type" content="text/html;charset=utf-8" />
  <meta name='ocr-system' content='tesseract 3.04.00' />
  <meta name='ocr-capabilities' content='ocr_page ocr_carea ocr_par ocr_line ocrx_word'/>
</head>
<body>
  <div class='ocr_page' id='page_1' title='image "./thomaedempsterih00bann_0023.png"; bbox 0 0 1861 2682; ppageno 0'>
   <div class='ocr_carea' id='block_1_1' title="bbox 503 745 1351 792">
    <p class='ocr_par' dir='ltr' id='par_1_1' title="bbox 503 745 1351 792">
     <span class='ocr_line' id='line_1_1' title="bbox 503 745 1351 792; baseline 0 0"><span class='ocrx_word' id='word_1_1' title='bbox 503 746 567 792; x_wconf 91' lang='lat' dir='ltr'>D.</span> <span class='ocrx_word' id='word_1_2' title='bbox 609 745 914 792; x_wconf 87' lang='lat' dir='ltr'>IRVINUS</span> <span class='ocrx_word' id='word_1_3' title='bbox 949 745 1268 792; x_wconf 89' lang='lat' dir='ltr'>LECTORI</span> <span class='ocrx_word' id='word_1_4' title='bbox 1309 746 1351 792; x_wconf 88' lang='lat' dir='ltr'>S.</span> 
     </span>
    </p>
   </div>
   <div class='ocr_carea' id='block_1_2' title="bbox 250 948 1601 2310">
    <p class='ocr_par' dir='ltr' id='par_1_2' title="bbox 250 948 1601 2310">
     <span class='ocr_line' id='line_1_2' title="bbox 255 948 1598 1001; baseline 0.001 -12"><span class='ocrx_word' id='word_1_5' title='bbox 255 950 391 989; x_wconf 77' lang='lat' dir='ltr'>INTER</span> <span class='ocrx_word' id='word_1_6' title='bbox 412 962 478 988; x_wconf 90' lang='lat' dir='ltr'>eos</span> <span class='ocrx_word' id='word_1_7' title='bbox 499 949 581 1001; x_wconf 92' lang='lat' dir='ltr'>qui,</span> <span class='ocrx_word' id='word_1_8' title='bbox 608 948 776 987; x_wconf 87' lang='lat' dir='ltr'>ineunte</span> <span class='ocrx_word' id='word_1_9' title='bbox 803 948 938 987; x_wconf 90' lang='lat' dir='ltr'>seculo</span> <span class='ocrx_word' id='word_1_10' title='bbox 965 949 1122 988; x_wconf 90' lang='lat' dir='ltr'>decimo</span> <span class='ocrx_word' id='word_1_11' title='bbox 1148 949 1331 1001; x_wconf 88' lang='lat' dir='ltr'>septimo,</span> <span class='ocrx_word' id='word_1_12' title='bbox 1359 951 1598 991; x_wconf 73' lang='lat' dir='ltr'>eruditionis</span> 
     </span>
     <span class='ocr_line' id='line_1_3' title="bbox 254 1011 1599 1064; baseline 0.003 -14"><span class='ocrx_word' id='word_1_13' title='bbox 254 1013 360 1050; x_wconf 86' lang='lat' dir='ltr'>fama</span> <span class='ocrx_word' id='word_1_14' title='bbox 375 1011 564 1057; x_wconf 85' lang='lat' dir='ltr'>claruere,</span> <span class='ocrx_word' id='word_1_15' title='bbox 577 1017 739 1049; x_wconf 90' lang='lat' dir='ltr'>tantum</span> <span class='ocrx_word' id='word_1_16' title='bbox 756 1024 838 1049; x_wconf 92' lang='lat' dir='ltr'>non</span> <span class='ocrx_word' id='word_1_17' title='bbox 855 1011 1079 1064; x_wconf 83' lang='lat' dir='ltr'>principem</span> <span class='ocrx_word' id='word_1_18' title='bbox 1096 1012 1254 1050; x_wconf 83' lang='lat' dir='ltr'>obtinet</span> <span class='ocrx_word' id='word_1_19' title='bbox 1270 1011 1404 1051; x_wconf 91' lang='lat' dir='ltr'>locum</span> <span class='ocrx_word' id='word_1_20' title='bbox 1421 1013 1599 1055; x_wconf 80' lang='lat' dir='ltr'>Thomas</span> 
     </span>
     <span class='ocr_line' id='line_1_4' title="bbox 255 1073 1600 1126; baseline 0.002 -13"><span class='ocrx_word' id='word_1_21' title='bbox 255 1074 531 1126; x_wconf 88' lang='lat' dir='ltr'>Dempsterus,</span> <span class='ocrx_word' id='word_1_22' title='bbox 550 1073 672 1111; x_wconf 92' lang='lat' dir='ltr'>homo</span> <span class='ocrx_word' id='word_1_23' title='bbox 692 1073 844 1119; x_wconf 90' lang='lat' dir='ltr'>Scotus,</span> <span class='ocrx_word' id='word_1_24' title='bbox 865 1079 906 1112; x_wconf 87' lang='lat' dir='ltr'>et</span> <span class='ocrx_word' id='word_1_25' title='bbox 925 1074 1070 1112; x_wconf 85' lang='lat' dir='ltr'>Scotici</span> <span class='ocrx_word' id='word_1_26' title='bbox 1091 1074 1267 1113; x_wconf 90' lang='lat' dir='ltr'>nominis</span> <span class='ocrx_word' id='word_1_27' title='bbox 1287 1075 1437 1114; x_wconf 81' lang='lat' dir='ltr'>vindex</span> <span class='ocrx_word' id='word_1_28' title='bbox 1457 1079 1600 1116; x_wconf 87' lang='lat' dir='ltr'>acerri-</span> 
     </span>
     <span class='ocr_line' id='line_1_5' title="bbox 252 1135 1601 1190; baseline 0.003 -15"><span class='ocrx_word' id='word_1_29' title='bbox 252 1150 353 1175; x_wconf 89' lang='lat' dir='ltr'>mus.</span> <span class='ocrx_word' id='word_1_30' title='bbox 411 1135 636 1187; x_wconf 79' lang='lat' dir='ltr'>Utriusque</span> <span class='ocrx_word' id='word_1_31' title='bbox 656 1135 820 1187; x_wconf 86' lang='lat' dir='ltr'>linguae</span> <span class='ocrx_word' id='word_1_32' title='bbox 845 1136 926 1174; x_wconf 82' lang='lat' dir='ltr'>fuit</span> <span class='ocrx_word' id='word_1_33' title='bbox 952 1136 1218 1182; x_wconf 88' lang='lat' dir='ltr'>doctissimus,</span> <span class='ocrx_word' id='word_1_34' title='bbox 1245 1137 1296 1175; x_wconf 89' lang='lat' dir='ltr'>ad</span> <span class='ocrx_word' id='word_1_35' title='bbox 1318 1138 1601 1190; x_wconf 85' lang='lat' dir='ltr'>jurispruden-</span> 
     </span>
     <span class='ocr_line' id='line_1_6' title="bbox 253 1197 1598 1252; baseline 0.004 -16"><span class='ocrx_word' id='word_1_36' title='bbox 253 1199 331 1236; x_wconf 86' lang='lat' dir='ltr'>tiae</span> <span class='ocrx_word' id='word_1_37' title='bbox 369 1197 532 1236; x_wconf 89' lang='lat' dir='ltr'>laudem</span> <span class='ocrx_word' id='word_1_38' title='bbox 568 1197 858 1235; x_wconf 85' lang='lat' dir='ltr'>humaniorum</span> <span class='ocrx_word' id='word_1_39' title='bbox 892 1197 1104 1236; x_wconf 85' lang='lat' dir='ltr'>literarum</span> <span class='ocrx_word' id='word_1_40' title='bbox 1138 1199 1261 1237; x_wconf 90' lang='lat' dir='ltr'>decus</span> <span class='ocrx_word' id='word_1_41' title='bbox 1295 1199 1507 1252; x_wconf 85' lang='lat' dir='ltr'>adjecerat,</span> <span class='ocrx_word' id='word_1_42' title='bbox 1548 1210 1598 1249; x_wconf 89' lang='lat' dir='ltr'>et,</span> 
     </span>
     <span class='ocr_line' id='line_1_7' title="bbox 252 1259 1598 1312; baseline 0.004 -14"><span class='ocrx_word' id='word_1_43' title='bbox 252 1260 363 1312; x_wconf 89' lang='lat' dir='ltr'>quod</span> <span class='ocrx_word' id='word_1_44' title='bbox 382 1265 505 1311; x_wconf 86' lang='lat' dir='ltr'>caput</span> <span class='ocrx_word' id='word_1_45' title='bbox 524 1264 594 1304; x_wconf 90' lang='lat' dir='ltr'>est,</span> <span class='ocrx_word' id='word_1_46' title='bbox 615 1259 768 1310; x_wconf 83' lang='lat' dir='ltr'>patriae</span> <span class='ocrx_word' id='word_1_47' title='bbox 789 1272 945 1310; x_wconf 87' lang='lat' dir='ltr'>semper</span> <span class='ocrx_word' id='word_1_48' title='bbox 966 1260 1046 1298; x_wconf 87' lang='lat' dir='ltr'>fuit</span> <span class='ocrx_word' id='word_1_49' title='bbox 1061 1261 1373 1305; x_wconf 75' lang='lat' dir='ltr'>amantissimus.</span> <span class='ocrx_word' id='word_1_50' title='bbox 1423 1263 1524 1302; x_wconf 86' lang='lat' dir='ltr'>Erat</span> <span class='ocrx_word' id='word_1_51' title='bbox 1541 1265 1598 1304; x_wconf 90' lang='lat' dir='ltr'>illi</span> 
     </span>
     <span class='ocr_line' id='line_1_8' title="bbox 252 1320 1600 1372; baseline 0.005 -12"><span class='ocrx_word' id='word_1_52' title='bbox 252 1322 452 1361; x_wconf 84' lang='lat' dir='ltr'>fervidum</span> <span class='ocrx_word' id='word_1_53' title='bbox 473 1321 695 1372; x_wconf 86' lang='lat' dir='ltr'>ingenium,</span> <span class='ocrx_word' id='word_1_54' title='bbox 722 1320 885 1359; x_wconf 87' lang='lat' dir='ltr'>insolita</span> <span class='ocrx_word' id='word_1_55' title='bbox 910 1322 1128 1360; x_wconf 85' lang='lat' dir='ltr'>memoriae</span> <span class='ocrx_word' id='word_1_56' title='bbox 1154 1323 1223 1369; x_wconf 88' lang='lat' dir='ltr'>vis,</span> <span class='ocrx_word' id='word_1_57' title='bbox 1250 1324 1321 1362; x_wconf 86' lang='lat' dir='ltr'>sed</span> <span class='ocrx_word' id='word_1_58' title='bbox 1347 1325 1485 1365; x_wconf 87' lang='lat' dir='ltr'>deerat</span> <span class='ocrx_word' id='word_1_59' title='bbox 1511 1341 1600 1367; x_wconf 87' lang='lat' dir='ltr'>acre</span> 
     </span>
     <span class='ocr_line' id='line_1_9' title="bbox 251 1382 1598 1440; baseline 0.004 -16"><span class='ocrx_word' id='word_1_60' title='bbox 251 1385 546 1436; x_wconf 86' lang='lat' dir='ltr'>subactumque</span> <span class='ocrx_word' id='word_1_61' title='bbox 571 1382 799 1435; x_wconf 84' lang='lat' dir='ltr'>judicium;</span> <span class='ocrx_word' id='word_1_62' title='bbox 830 1389 872 1421; x_wconf 87' lang='lat' dir='ltr'>et</span> <span class='ocrx_word' id='word_1_63' title='bbox 898 1383 1067 1422; x_wconf 86' lang='lat' dir='ltr'>dictioni</span> <span class='ocrx_word' id='word_1_64' title='bbox 1095 1386 1192 1436; x_wconf 89' lang='lat' dir='ltr'>ejus,</span> <span class='ocrx_word' id='word_1_65' title='bbox 1222 1386 1317 1424; x_wconf 90' lang='lat' dir='ltr'>satis</span> <span class='ocrx_word' id='word_1_66' title='bbox 1345 1386 1405 1425; x_wconf 92' lang='lat' dir='ltr'>illi</span> <span class='ocrx_word' id='word_1_67' title='bbox 1432 1390 1598 1440; x_wconf 90' lang='lat' dir='ltr'>quidem</span> 
     </span>
     <span class='ocr_line' id='line_1_10' title="bbox 251 1445 1534 1500; baseline 0.003 -14"><span class='ocrx_word' id='word_1_68' title='bbox 251 1447 444 1500; x_wconf 84' lang='lat' dir='ltr'>copiosae,</span> <span class='ocrx_word' id='word_1_69' title='bbox 465 1446 599 1484; x_wconf 90' lang='lat' dir='ltr'>nescio</span> <span class='ocrx_word' id='word_1_70' title='bbox 619 1445 720 1497; x_wconf 87' lang='lat' dir='ltr'>quid</span> <span class='ocrx_word' id='word_1_71' title='bbox 740 1445 932 1497; x_wconf 85' lang='lat' dir='ltr'>antiquae</span> <span class='ocrx_word' id='word_1_72' title='bbox 953 1445 1177 1497; x_wconf 84' lang='lat' dir='ltr'>elegantiae</span> <span class='ocrx_word' id='word_1_73' title='bbox 1198 1461 1281 1486; x_wconf 92' lang='lat' dir='ltr'>non</span> <span class='ocrx_word' id='word_1_74' title='bbox 1302 1462 1391 1487; x_wconf 91' lang='lat' dir='ltr'>raro</span> <span class='ocrx_word' id='word_1_75' title='bbox 1411 1451 1534 1491; x_wconf 87' lang='lat' dir='ltr'>abest.</span> 
     </span>
     <span class='ocr_line' id='line_1_11' title="bbox 305 1507 1600 1560; baseline 0.005 -12"><span class='ocrx_word' id='word_1_76' title='bbox 305 1510 362 1548; x_wconf 93' lang='lat' dir='ltr'>At</span> <span class='ocrx_word' id='word_1_77' title='bbox 381 1522 475 1548; x_wconf 91' lang='lat' dir='ltr'>vero</span> <span class='ocrx_word' id='word_1_78' title='bbox 495 1507 626 1560; x_wconf 88' lang='lat' dir='ltr'>qualis</span> <span class='ocrx_word' id='word_1_79' title='bbox 647 1514 909 1560; x_wconf 88' lang='lat' dir='ltr'>quantusque</span> <span class='ocrx_word' id='word_1_80' title='bbox 928 1508 989 1547; x_wconf 86' lang='lat' dir='ltr'>vir</span> <span class='ocrx_word' id='word_1_81' title='bbox 1015 1508 1153 1555; x_wconf 88' lang='lat' dir='ltr'>fuerit,</span> <span class='ocrx_word' id='word_1_82' title='bbox 1180 1515 1227 1547; x_wconf 91' lang='lat' dir='ltr'>tu</span> <span class='ocrx_word' id='word_1_83' title='bbox 1254 1510 1371 1550; x_wconf 87' lang='lat' dir='ltr'>facile</span> <span class='ocrx_word' id='word_1_84' title='bbox 1397 1512 1525 1553; x_wconf 87' lang='lat' dir='ltr'>discas</span> <span class='ocrx_word' id='word_1_85' title='bbox 1551 1518 1600 1554; x_wconf 91' lang='lat' dir='ltr'>ab</span> 
     </span>
     <span class='ocr_line' id='line_1_12' title="bbox 251 1570 1598 1624; baseline 0.004 -13"><span class='ocrx_word' id='word_1_86' title='bbox 251 1571 409 1624; x_wconf 84' lang='lat' dir='ltr'>Angelo</span> <span class='ocrx_word' id='word_1_87' title='bbox 444 1571 655 1616; x_wconf 89' lang='lat' dir='ltr'>Fabronio‚</span> <span class='ocrx_word' id='word_1_88' title='bbox 695 1570 901 1609; x_wconf 88' lang='lat' dir='ltr'>Historiae</span> <span class='ocrx_word' id='word_1_89' title='bbox 940 1571 1182 1610; x_wconf 85' lang='lat' dir='ltr'>Academiae</span> <span class='ocrx_word' id='word_1_90' title='bbox 1222 1572 1391 1613; x_wconf 84' lang='lat' dir='ltr'>Pisanae</span> <span class='ocrx_word' id='word_1_91' title='bbox 1429 1580 1525 1615; x_wconf 89' lang='lat' dir='ltr'>tom.</span> <span class='ocrx_word' id='word_1_92' title='bbox 1561 1578 1598 1617; x_wconf 92' lang='lat' dir='ltr'>ii.</span> 
     </span>
     <span class='ocr_line' id='line_1_13' title="bbox 251 1632 1599 1687; baseline 0.004 -14"><span class='ocrx_word' id='word_1_93' title='bbox 251 1648 288 1687; x_wconf 88' lang='lat' dir='ltr'>p.</span> <span class='ocrx_word' id='word_1_94' title='bbox 309 1637 399 1673; x_wconf 72' lang='lat'>234.</span> <span class='ocrx_word' id='word_1_95' title='bbox 458 1639 478 1656; x_wconf 73' lang='lat'>‘⁶</span> <span class='ocrx_word' id='word_1_96' title='bbox 498 1633 563 1671; x_wconf 85' lang='lat' dir='ltr'>Ex</span> <span class='ocrx_word' id='word_1_97' title='bbox 583 1647 630 1672; x_wconf 89' lang='lat' dir='ltr'>eo</span> <span class='ocrx_word' id='word_1_98' title='bbox 657 1638 839 1684; x_wconf 91' lang='lat' dir='ltr'>tempore</span> <span class='ocrx_word' id='word_1_99' title='bbox 866 1632 980 1671; x_wconf 85' lang='lat' dir='ltr'>siluit</span> <span class='ocrx_word' id='word_1_100' title='bbox 1007 1633 1306 1674; x_wconf 89' lang='lat' dir='ltr'>Pandectarum</span> <span class='ocrx_word' id='word_1_101' title='bbox 1331 1636 1523 1678; x_wconf 85' lang='lat' dir='ltr'>cathedra</span> <span class='ocrx_word' id='word_1_102' title='bbox 1549 1642 1599 1679; x_wconf 86' lang='lat' dir='ltr'>ad</span> 
     </span>
     <span class='ocr_line' id='line_1_14' title="bbox 250 1694 1600 1754; baseline 0.004 -19"><span class='ocrx_word' id='word_1_103' title='bbox 250 1710 403 1735; x_wconf 82' lang='lat' dir='ltr'>annum</span> <span class='ocrx_word' id='word_1_104' title='bbox 425 1709 555 1747; x_wconf 86' lang='lat' dir='ltr'>usque</span> <span class='ocrx_word' id='word_1_105' title='bbox 580 1696 693 1741; x_wconf 88' lang='lat'>1616,</span> <span class='ocrx_word' id='word_1_106' title='bbox 714 1709 795 1746; x_wconf 94' lang='lat' dir='ltr'>quo</span> <span class='ocrx_word' id='word_1_107' title='bbox 816 1694 927 1733; x_wconf 91' lang='lat' dir='ltr'>illam</span> <span class='ocrx_word' id='word_1_108' title='bbox 948 1696 1161 1748; x_wconf 86' lang='lat' dir='ltr'>occupavit</span> <span class='ocrx_word' id='word_1_109' title='bbox 1187 1697 1365 1737; x_wconf 90' lang='lat' dir='ltr'>Thomas</span> <span class='ocrx_word' id='word_1_110' title='bbox 1386 1699 1600 1754; x_wconf 88' lang='lat' dir='ltr'>Dempste-</span> 
     </span>
     <span class='ocr_line' id='line_1_15' title="bbox 251 1758 1600 1809; baseline 0.005 -12"><span class='ocrx_word' id='word_1_111' title='bbox 251 1773 330 1797; x_wconf 93' lang='lat' dir='ltr'>rus.</span> <span class='ocrx_word' id='word_1_112' title='bbox 388 1758 578 1797; x_wconf 87' lang='lat' dir='ltr'>Hominis</span> <span class='ocrx_word' id='word_1_113' title='bbox 612 1758 788 1809; x_wconf 83' lang='lat' dir='ltr'>dignitas</span> <span class='ocrx_word' id='word_1_114' title='bbox 820 1763 943 1809; x_wconf 91' lang='lat' dir='ltr'>atque</span> <span class='ocrx_word' id='word_1_115' title='bbox 977 1758 1084 1797; x_wconf 85' lang='lat' dir='ltr'>fama</span> <span class='ocrx_word' id='word_1_116' title='bbox 1117 1758 1339 1799; x_wconf 88' lang='lat' dir='ltr'>admonent</span> <span class='ocrx_word' id='word_1_117' title='bbox 1368 1775 1451 1808; x_wconf 84' lang='lat' dir='ltr'>nOS,</span> <span class='ocrx_word' id='word_1_118' title='bbox 1482 1770 1529 1802; x_wconf 92' lang='lat' dir='ltr'>ut</span> <span class='ocrx_word' id='word_1_119' title='bbox 1559 1766 1600 1804; x_wconf 92' lang='lat' dir='ltr'>in</span> 
     </span>
     <span class='ocr_line' id='line_1_16' title="bbox 250 1819 1599 1872; baseline 0.005 -13"><span class='ocrx_word' id='word_1_120' title='bbox 250 1821 359 1860; x_wconf 91' lang='lat' dir='ltr'>illius</span> <span class='ocrx_word' id='word_1_121' title='bbox 379 1821 462 1859; x_wconf 89' lang='lat' dir='ltr'>vita</span> <span class='ocrx_word' id='word_1_122' title='bbox 481 1819 720 1872; x_wconf 84' lang='lat' dir='ltr'>explicanda</span> <span class='ocrx_word' id='word_1_123' title='bbox 739 1819 970 1872; x_wconf 88' lang='lat' dir='ltr'>paullulum</span> <span class='ocrx_word' id='word_1_124' title='bbox 992 1822 1455 1863; x_wconf 79' lang='lat' dir='ltr'>immore1nur.—Natus</span> <span class='ocrx_word' id='word_1_125' title='bbox 1476 1832 1537 1865; x_wconf 87' lang='lat' dir='ltr'>est</span> <span class='ocrx_word' id='word_1_126' title='bbox 1557 1828 1599 1866; x_wconf 86' lang='lat' dir='ltr'>in</span> 
     </span>
     <span class='ocr_line' id='line_1_17' title="bbox 250 1882 1601 1940; baseline 0.004 -17"><span class='ocrx_word' id='word_1_127' title='bbox 250 1884 383 1923; x_wconf 86' lang='lat' dir='ltr'>Scotia</span> <span class='ocrx_word' id='word_1_128' title='bbox 402 1882 539 1929; x_wconf 89' lang='lat' dir='ltr'>nobili,</span> <span class='ocrx_word' id='word_1_129' title='bbox 560 1889 607 1921; x_wconf 89' lang='lat' dir='ltr'>ut</span> <span class='ocrx_word' id='word_1_130' title='bbox 632 1882 772 1928; x_wconf 88' lang='lat' dir='ltr'>fertur,</span> <span class='ocrx_word' id='word_1_131' title='bbox 798 1896 955 1934; x_wconf 88' lang='lat' dir='ltr'>genere,</span> <span class='ocrx_word' id='word_1_132' title='bbox 982 1883 1094 1935; x_wconf 91' lang='lat' dir='ltr'>quod</span> <span class='ocrx_word' id='word_1_133' title='bbox 1119 1883 1257 1936; x_wconf 91' lang='lat' dir='ltr'>plures</span> <span class='ocrx_word' id='word_1_134' title='bbox 1284 1884 1468 1926; x_wconf 91' lang='lat' dir='ltr'>homines</span> <span class='ocrx_word' id='word_1_135' title='bbox 1494 1890 1601 1940; x_wconf 84' lang='lat' dir='ltr'>pacis</span> 
     </span>
     <span class='ocr_line' id='line_1_18' title="bbox 251 1944 1599 2002; baseline 0.004 -18"><span class='ocrx_word' id='word_1_136' title='bbox 251 1952 293 1985; x_wconf 84' lang='lat' dir='ltr'>et</span> <span class='ocrx_word' id='word_1_137' title='bbox 310 1945 407 1984; x_wconf 89' lang='lat' dir='ltr'>belli</span> <span class='ocrx_word' id='word_1_138' title='bbox 427 1945 582 1984; x_wconf 83' lang='lat' dir='ltr'>artibus</span> <span class='ocrx_word' id='word_1_139' title='bbox 603 1944 697 1984; x_wconf 86' lang='lat' dir='ltr'>clari</span> <span class='ocrx_word' id='word_1_140' title='bbox 719 1944 1032 1984; x_wconf 86' lang='lat' dir='ltr'>illustraverant.</span> <span class='ocrx_word' id='word_1_141' title='bbox 1090 1945 1187 1984; x_wconf 91' lang='lat' dir='ltr'>Noli</span> <span class='ocrx_word' id='word_1_142' title='bbox 1208 1953 1353 1999; x_wconf 92' lang='lat' dir='ltr'>putare</span> <span class='ocrx_word' id='word_1_143' title='bbox 1373 1949 1599 2002; x_wconf 87' lang='lat' dir='ltr'>quidquam</span> 
     </span>
     <span class='ocr_line' id='line_1_19' title="bbox 250 2007 1600 2063; baseline 0.004 -17"><span class='ocrx_word' id='word_1_144' title='bbox 250 2007 368 2046; x_wconf 87' lang='lat' dir='ltr'>illum</span> <span class='ocrx_word' id='word_1_145' title='bbox 387 2007 451 2046; x_wconf 88' lang='lat' dir='ltr'>vel</span> <span class='ocrx_word' id='word_1_146' title='bbox 472 2021 495 2046; x_wconf 88' lang='lat' dir='ltr'>a</span> <span class='ocrx_word' id='word_1_147' title='bbox 522 2008 653 2060; x_wconf 86' lang='lat' dir='ltr'>prima</span> <span class='ocrx_word' id='word_1_148' title='bbox 679 2013 812 2046; x_wconf 87' lang='lat' dir='ltr'>aetate</span> <span class='ocrx_word' id='word_1_149' title='bbox 838 2007 1038 2054; x_wconf 88' lang='lat' dir='ltr'>maluisse,</span> <span class='ocrx_word' id='word_1_150' title='bbox 1065 2022 1188 2060; x_wconf 87' lang='lat' dir='ltr'>quam</span> <span class='ocrx_word' id='word_1_151' title='bbox 1215 2014 1263 2047; x_wconf 89' lang='lat' dir='ltr'>ut</span> <span class='ocrx_word' id='word_1_152' title='bbox 1289 2024 1356 2049; x_wconf 89' lang='lat' dir='ltr'>eos</span> <span class='ocrx_word' id='word_1_153' title='bbox 1384 2010 1512 2063; x_wconf 85' lang='lat' dir='ltr'>gloria</span> <span class='ocrx_word' id='word_1_154' title='bbox 1537 2028 1600 2053; x_wconf 88' lang='lat' dir='ltr'>ae-</span> 
     </span>
     <span class='ocr_line' id='line_1_20' title="bbox 251 2069 1601 2122; baseline 0.005 -14"><span class='ocrx_word' id='word_1_155' title='bbox 251 2076 406 2121; x_wconf 87' lang='lat' dir='ltr'>quaret,</span> <span class='ocrx_word' id='word_1_156' title='bbox 426 2083 470 2108; x_wconf 89' lang='lat' dir='ltr'>ac</span> <span class='ocrx_word' id='word_1_157' title='bbox 489 2069 671 2108; x_wconf 87' lang='lat' dir='ltr'>sedulam</span> <span class='ocrx_word' id='word_1_158' title='bbox 691 2071 791 2109; x_wconf 91' lang='lat' dir='ltr'>adeo</span> <span class='ocrx_word' id='word_1_159' title='bbox 812 2084 975 2122; x_wconf 90' lang='lat' dir='ltr'>operam</span> <span class='ocrx_word' id='word_1_160' title='bbox 996 2070 1186 2110; x_wconf 86' lang='lat' dir='ltr'>Lutetiae</span> <span class='ocrx_word' id='word_1_161' title='bbox 1208 2071 1454 2113; x_wconf 86' lang='lat' dir='ltr'>Parisiorum</span> <span class='ocrx_word' id='word_1_162' title='bbox 1483 2089 1601 2115; x_wconf 86' lang='lat' dir='ltr'>nava-</span> 
     </span>
     <span class='ocr_line' id='line_1_21' title="bbox 251 2131 1599 2187; baseline 0.005 -17"><span class='ocrx_word' id='word_1_163' title='bbox 251 2133 309 2170; x_wconf 81' lang='lat' dir='ltr'>vit</span> <span class='ocrx_word' id='word_1_164' title='bbox 323 2131 428 2184; x_wconf 90' lang='lat' dir='ltr'>juris</span> <span class='ocrx_word' id='word_1_165' title='bbox 448 2132 689 2184; x_wconf 88' lang='lat' dir='ltr'>prudentiae</span> <span class='ocrx_word' id='word_1_166' title='bbox 709 2132 855 2179; x_wconf 88' lang='lat' dir='ltr'>studio,</span> <span class='ocrx_word' id='word_1_167' title='bbox 876 2138 924 2171; x_wconf 89' lang='lat' dir='ltr'>ut</span> <span class='ocrx_word' id='word_1_168' title='bbox 944 2146 1027 2171; x_wconf 90' lang='lat' dir='ltr'>non</span> <span class='ocrx_word' id='word_1_169' title='bbox 1053 2133 1186 2180; x_wconf 89' lang='lat' dir='ltr'>modo,</span> <span class='ocrx_word' id='word_1_170' title='bbox 1212 2148 1305 2172; x_wconf 91' lang='lat' dir='ltr'>cum</span> <span class='ocrx_word' id='word_1_171' title='bbox 1332 2143 1469 2187; x_wconf 87' lang='lat' dir='ltr'>ageret</span> <span class='ocrx_word' id='word_1_172' title='bbox 1495 2152 1599 2177; x_wconf 85' lang='lat' dir='ltr'>xv11.</span> 
     </span>
     <span class='ocr_line' id='line_1_22' title="bbox 251 2193 1599 2242; baseline 0.005 -10"><span class='ocrx_word' id='word_1_173' title='bbox 251 2194 394 2233; x_wconf 86' lang='lat' dir='ltr'>aetatis</span> <span class='ocrx_word' id='word_1_174' title='bbox 415 2208 580 2240; x_wconf 91' lang='lat' dir='ltr'>annum,</span> <span class='ocrx_word' id='word_1_175' title='bbox 606 2193 744 2233; x_wconf 90' lang='lat' dir='ltr'>laurea</span> <span class='ocrx_word' id='word_1_176' title='bbox 770 2195 983 2233; x_wconf 87' lang='lat' dir='ltr'>decoratus</span> <span class='ocrx_word' id='word_1_177' title='bbox 1010 2195 1145 2242; x_wconf 90' lang='lat' dir='ltr'>fuerit,</span> <span class='ocrx_word' id='word_1_178' title='bbox 1172 2196 1243 2235; x_wconf 91' lang='lat' dir='ltr'>sed</span> <span class='ocrx_word' id='word_1_179' title='bbox 1269 2202 1310 2236; x_wconf 89' lang='lat' dir='ltr'>et</span> <span class='ocrx_word' id='word_1_180' title='bbox 1337 2211 1419 2236; x_wconf 92' lang='lat' dir='ltr'>non</span> <span class='ocrx_word' id='word_1_181' title='bbox 1447 2199 1599 2240; x_wconf 85' lang='lat' dir='ltr'>multos</span> 
     </span>
     <span class='ocr_line' id='line_1_23' title="bbox 250 2255 1601 2310; baseline 0.006 -16"><span class='ocrx_word' id='word_1_182' title='bbox 250 2262 342 2309; x_wconf 89' lang='lat' dir='ltr'>post</span> <span class='ocrx_word' id='word_1_183' title='bbox 365 2270 492 2295; x_wconf 89' lang='lat' dir='ltr'>annos</span> <span class='ocrx_word' id='word_1_184' title='bbox 518 2255 754 2308; x_wconf 88' lang='lat' dir='ltr'>disciplinae</span> <span class='ocrx_word' id='word_1_185' title='bbox 784 2256 894 2295; x_wconf 90' lang='lat' dir='ltr'>illius</span> <span class='ocrx_word' id='word_1_186' title='bbox 920 2256 1082 2310; x_wconf 87' lang='lat' dir='ltr'>publice</span> <span class='ocrx_word' id='word_1_187' title='bbox 1108 2258 1315 2299; x_wconf 89' lang='lat' dir='ltr'>docendae</span> <span class='ocrx_word' id='word_1_188' title='bbox 1342 2274 1444 2299; x_wconf 88' lang='lat' dir='ltr'>onus</span> <span class='ocrx_word' id='word_1_189' title='bbox 1470 2275 1601 2302; x_wconf 89' lang='lat' dir='ltr'>susce-</span> 
     </span>
    </p>
   </div>
   <div class='ocr_carea' id='block_1_3' title="bbox 251 2318 1600 2415">
    <p class='ocr_par' dir='ltr' id='par_1_3' title="bbox 251 2318 1600 2415">
     <span class='ocr_line' id='line_1_24' title="bbox 251 2318 1600 2371; baseline 0.006 -15"><span class='ocrx_word' id='word_1_190' title='bbox 251 2318 367 2371; x_wconf 81' lang='lat' dir='ltr'>perit,</span> <span class='ocrx_word' id='word_1_191' title='bbox 395 2319 435 2357; x_wconf 90' lang='lat' dir='ltr'>in</span> <span class='ocrx_word' id='word_1_192' title='bbox 459 2318 627 2357; x_wconf 88' lang='lat' dir='ltr'>Davidis</span> <span class='ocrx_word' id='word_1_193' title='bbox 655 2318 821 2358; x_wconf 83' lang='lat' dir='ltr'>Sincleri</span> <span class='ocrx_word' id='word_1_194' title='bbox 848 2319 984 2359; x_wconf 88' lang='lat' dir='ltr'>locum</span> <span class='ocrx_word' id='word_1_195' title='bbox 1010 2321 1239 2361; x_wconf 83' lang='lat' dir='ltr'>succedens.</span> <span class='ocrx_word' id='word_1_196' title='bbox 1298 2321 1375 2362; x_wconf 86' lang='lat' dir='ltr'>Vel</span> <span class='ocrx_word' id='word_1_197' title='bbox 1402 2330 1497 2363; x_wconf 89' lang='lat' dir='ltr'>ante</span> <span class='ocrx_word' id='word_1_198' title='bbox 1525 2325 1600 2364; x_wconf 91' lang='lat' dir='ltr'>hoc</span> 
     </span>
     <span class='ocr_line' id='line_1_25' title="bbox 915 2381 935 2415; baseline 0 0"><span class='ocrx_word' id='word_1_199' title='bbox 915 2381 935 2415; x_wconf 81' lang='lat' dir='ltr'><em>b</em></span> 
     </span>
    </p>
   </div>
  </div>
 </body>
</html>
