1861 2682
295 250 355 280 168
667 248 891 280 HISTORIA
916 248 1276 279 ECCLESIASTICA

294 344 465 375 stinorum
482 346 666 379 auctorem,
684 340 856 372 Bonifacii
874 339 976 372 VIII.
1004 340 1225 370 decessorem.
1279 338 1328 370 Ut
1356 348 1475 369 verum
1502 349 1569 370 non
1597 340 1641 371 sit

294 408 375 441 ergo
400 407 478 429 eum
502 395 696 438 pontificem
720 394 836 431 fuisse,
862 398 952 426 certe
978 394 1013 425 in
1040 398 1159 435 aperto
1185 398 1245 429 est,
1272 393 1424 424 maxima
1450 394 1642 426 sanctitatis

294 452 454 494 opinione
472 450 628 483 floruisse
647 450 740 487 olim,
759 454 793 481 et
810 460 901 481 nunc
918 449 1019 481 hodie
1037 448 1200 480 Coloniae
1217 448 1394 480 miraculis
1412 449 1642 487 inclarescere,

292 508 351 540 ubi
378 508 545 549 templum
572 506 676 538 habet
698 505 773 537 Deo
799 505 863 537 sub
888 505 1104 537 invocatione
1132 504 1252 546 ipsius,
1278 509 1313 536 et
1337 514 1455 536 versus
1482 505 1640 546 appositi,

292 564 417 606 quibus
436 567 582 605 papatus
601 562 765 594 honorem
785 572 862 593 eum
887 560 1018 604 fugisse
1042 559 1230 602 proditum.
1280 559 1372 592 Acta
1395 560 1555 592 ecclesiae
1579 559 1643 592 Co-

291 619 464 656 loniensis,
489 623 522 650 et
540 617 665 650 Petrus
689 616 905 659 Cratepolius
929 615 1098 647 Minorita
1123 615 1159 646 in
1184 615 1396 647 successione
1421 615 1513 647 illius
1540 616 1640 648 sedis.

291 673 442 707 Joannes
462 673 661 706 Gualterius
680 673 716 704 in
740 671 910 704 Chronico
934 670 1183 703 Chronicorum
1210 682 1287 715 pag.
1317 679 1483 703 MCCLXI.
1511 682 1552 703 ex
1579 672 1642 703 loci

291 731 438 762 archivis
454 740 461 761 ε

581 798 710 825 Clemens
725 797 848 835 Cyl-iace,
863 803 997 834 papatum
1011 796 1115 828 renuis,

620 844 667 871 Ad
681 849 782 871 nutum
798 843 916 870 Ursulae
931 842 1068 870 decedens
1082 847 1214 869 strenuus

656 889 830 917 Triremibus
843 889 879 916 ad
895 889 989 916 Ubios.

336 956 463 988 Passus
482 958 534 986 est
552 964 641 986 anno
660 962 793 986 CDLlV.
846 953 981 986 Colitur
1002 952 1057 984 die
1081 951 1156 984 aliis
1180 952 1364 990 communi,
1392 960 1477 985 XXI.
1497 952 1637 985 Octobr.

288 1011 469 1044 translatio
488 1021 570 1043 vero
588 1010 705 1054 agitur
723 1018 839 1041 XXIX.
858 1009 971 1051 April.

739 1120 773 1153 S.
801 1119 1046 1153 CORDULA.
1100 1121 1179 1155 289.

286 1239 305 1253 ‘⁴
319 1233 353 1267 S.
369 1233 575 1272 CORDULA,
594 1233 769 1266 Ursulana
784 1233 883 1277 virgo
896 1237 930 1265 et
941 1236 1084 1274 martyr,
1099 1242 1168 1264 una
1181 1236 1215 1264 et
1230 1243 1271 1264 ex
1284 1232 1477 1274 praecipuis
1492 1233 1633 1277 virgini-

284 1292 357 1329 bus,
377 1301 465 1333 quae
482 1290 573 1332 apud
592 1288 770 1321 Coloniam
794 1293 875 1320 sunt
898 1298 1017 1329 passae
1043 1298 1121 1319 cum
1144 1286 1273 1319 Ursnla
1299 1298 1336 1319 ac
1362 1292 1436 1320 toto
1461 1289 1634 1332 collegio.’'

283 1346 399 1379 Verba
416 1350 497 1378 sunt
515 1345 611 1377 Petri
630 1344 817 1386 Cratepolii
835 1344 871 1375 in
889 1343 1002 1375 Sanct.
1019 1342 1180 1375 German.
1196 1353 1273 1386 pag.
1290 1351 1406 1375 XL111.
1423 1348 1497 1375 tum
1516 1354 1558 1376 ex
1577 1356 1633 1377 ne-

284 1403 352 1434 scio
370 1412 438 1444 quo
457 1400 610 1433 Roberto
628 1400 677 1432 ait
695 1410 769 1431 eam
787 1398 830 1431 ab
852 1397 998 1431 Alberto
1022 1399 1153 1442 Magno
1178 1400 1379 1431 translatam
1406 1404 1440 1431 et
1462 1401 1632 1438 levata1n3

283 1457 457 1500 additque,
473 1461 493 1474 “
507 1456 599 1498 apud
617 1455 785 1487 Dominas
802 1454 824 1486 J
827 1454 985 1487 oannitas
999 1459 1232 1492 conservatur,
1247 1455 1346 1498 cujus
1364 1455 1584 1496 sepulchrum
1599 1456 1634 1488 in

282 1513 383 1545 horto
401 1512 528 1544 visitur
541 1512 568 1543 :”
597 1522 659 1544 nec
677 1512 786 1553 plura.

331 1568 436 1600 Passa
454 1572 506 1600 est
524 1578 613 1600 anno
631 1575 765 1599 CDLIV.
784 1566 1019 1598 translationis
1037 1566 1109 1598 dies
1128 1571 1179 1598 est
1198 1566 1337 1609 ignotus
1356 1567 1447 1608 apud
1466 1577 1530 1598 me.

679 1676 713 1709 S.
741 1676 1098 1710 CONSTANTIUS.
1152 1680 1231 1714 990.

280 1792 313 1822 S.
345 1791 625 1823 CONSTANTIUS
657 1788 789 1828 scotus,
820 1800 891 1821 una
919 1799 996 1821 cum
1026 1788 1209 1821 Ursulanis
1240 1788 1314 1821 Deo
1344 1794 1525 1828 mactatus,
1552 1801 1628 1822 cum

278 1851 379 1879 antea
411 1846 533 1878 fuisset
567 1846 734 1883 laborum,
769 1846 852 1884 voti,
886 1846 1066 1884 castitatis,
1101 1857 1139 1878 ac
1172 1847 1460 1890 peregrinationis
1492 1857 1628 1880 comes:

277 1903 356 1934 hinc
384 1903 493 1944 liquet
522 1902 654 1944 aliquos
685 1902 788 1939 viros,
819 1901 945 1943 pietate
975 1902 1139 1944 insignes,
1171 1902 1323 1946 virgines
1358 1907 1492 1935 sanctas
1527 1903 1629 1935 domo

277 1958 466 1995 comitatos,
492 1968 571 1989 nam
598 1962 733 1999 praeter
759 1956 953 1999 Cyriacum,
984 1957 1025 1988 de
1050 1968 1119 1999 quo
1144 1957 1200 1989 hic
1225 1968 1340 2000 supra,
1368 1957 1535 1991 Jacobum
1565 1958 1628 1990 Pa-

277 2013 463 2045 triarcham
498 2012 767 2049 Antiochenum,
801 2011 931 2049 Scotos,
966 2012 1191 2045 Manthulum
1227 2013 1424 2055 episcopum
1460 2013 1627 2047 Basilicu-

278 2079 359 2105 sein,
384 2068 442 2099 alii
464 2078 601 2110 quoque
623 2067 690 2099 viri
715 2067 752 2098 in
778 2067 944 2099 comitatu
970 2066 1076 2099 fuere.
1127 2067 1223 2100 Petri
1250 2068 1354 2101 verba
1380 2073 1462 2101 sunt
1484 2069 1542 2101 lib.
1572 2078 1626 2101 IX.

277 2134 348 2166 cap.
368 2131 522 2155 XXCVn.
556 2128 575 2141 ‘⁶
593 2123 697 2155 Pater
714 2122 862 2155 Ursulae
884 2122 1029 2154 Maurus
1052 2122 1370 2157 Christianissimus
1397 2135 1457 2156 rex
1483 2124 1626 2162 scotiae,

277 2189 353 2211 cum
372 2179 458 2211 iram
477 2179 568 2223 regis
591 2178 740 2222 Angliae
764 2178 998 2210 formidaret.·
1002 2202 1294 2211 .........
1322 2181 1369 2212 eis
1392 2180 1626 2212 honorabilem

277 2234 478 2266 comitatum
509 2235 698 2267 multorum
729 2234 967 2276 episcoporum
998 2239 1032 2267 et
1062 2234 1228 2267 baronum
1258 2235 1407 2279 Angliae
1432 2240 1466 2268 et
1492 2235 1625 2268 Scotiae

276 2290 449 2322 tradidit.'’
499 2289 557 2322 Ex
590 2289 716 2322 horum
750 2290 987 2332 episcoporum
1021 2290 1074 2323 vel
1106 2290 1274 2323 baronum
1304 2301 1447 2323 numero
1477 2290 1625 2323 Sanctus
