1861 2682
594 277 765 310 GENTIS
789 276 1059 314 SCOTORUM,
1085 276 1172 308 LIB.
1199 277 1223 306 Ι.
1564 279 1604 306 25

379 370 430 403 De
450 370 706 414 Praerogativis
727 369 859 402 Fuldae
1107 368 1167 401 lib.
1188 377 1212 400 1.

280 426 328 459 Et
360 427 488 459 mentio
519 426 555 458 in
584 424 865 468 Antiquitatibus
898 424 1129 457 Fuldensibus
1163 427 1306 457 curante
1341 422 1594 466 Christophoro

236 481 414 515 Browero.
466 481 602 514 Claruit
619 491 709 513 anno
728 488 880 512 Mxmu.

702 590 736 623 S.
763 589 1011 624 ABRANUS.
1064 590 1120 624 26.

231 704 265 736 S.
293 703 487 736 Ammst
511 714 602 736 unus
627 714 670 736 ex
693 703 859 736 fratribus
886 702 918 735 S.
942 703 1112 742 Gibriani,
1139 703 1211 736 sive
1237 702 1398 742 Gibirini,
1426 703 1462 736 in
1488 702 1589 736 Cam-

229 760 331 802 pania
358 758 488 791 Gallica
514 760 642 803 insigni
668 759 833 803 religione
855 764 890 791 et
912 769 1049 792 morum
1073 758 1287 792 continentia
1310 758 1410 791 vixit.
1462 758 1587 792 Flodo-

229 815 333 848 ardus
351 815 409 847 lib.
431 823 481 846 IV.
502 814 635 847 Histor.
656 815 823 847 Rheinen.
843 825 918 857 cap.
940 823 995 847 IX.
1046 815 1157 848 Extat
1174 814 1283 857 ipsius
1300 815 1435 859 insigne
1453 826 1539 858 opus

373 869 416 903 In
435 870 643 902 Psalteriuin
663 870 738 902 MS.
756 871 792 902 in
812 870 1018 903 bibliotheca
1038 870 1131 903 Petri
1152 870 1299 909 Petavii‚
1319 871 1406 915 regii
1423 870 1586 904 Lutetiae

421 926 600 964 senatoris,
619 927 673 958 cui
691 926 818 958 recenti
842 936 948 958 manu
971 925 1015 958 D.
1040 925 1233 970 Augustini
1257 925 1504 959 Meditationes
1527 926 1586 958 ad-

417 982 559 1025 junctae
577 986 669 1020 sunt,
695 981 753 1014 lib.
775 989 799 1012 1.

278 1037 414 1070 Floruit
432 1048 522 1069 anno
542 1045 638 1069 DXX.
686 1036 820 1069 Sanctis
842 1041 1107 1070 annumeratum
1132 1037 1241 1080 liquet
1263 1046 1306 1069 ex
1324 1035 1508 1069 Natalibus
1526 1036 1585 1069 SS.

230 1092 342 1136 Belgii
362 1091 504 1124 Molani.

663 1204 695 1235 S.
721 1203 1048 1237 ALEXANDER.
1099 1207 1155 1240 27.

228 1320 248 1334 ·“
270 1315 304 1348 S.
332 1315 608 1354 ALEXANnmz,
634 1314 768 1347 Scotiae
794 1315 884 1359 regis
909 1315 1031 1353 filius,’'
1057 1316 1107 1348 ait
1138 1315 1291 1348 Thomas
1315 1317 1357 1349 de
1381 1316 1586 1359 Cantiprato

226 1371 284 1404 lib.
318 1380 359 1403 Π.
389 1370 527 1413 Apiarii
555 1381 630 1413 cap.
662 1378 700 1402 x.
732 1370 792 1412 qui
822 1370 1019 1413 impellente
1048 1381 1165 1403 sorore
1196 1370 1231 1403 S.
1260 1371 1447 1404 Mechtilde
1473 1373 1584 1416 regios

227 1427 373 1460 honores
399 1430 577 1459 aversatus
604 1426 640 1458 in
666 1425 816 1458 Galliam
842 1425 990 1470 aufugit,
1017 1433 1051 1459 et
1076 1426 1165 1459 mira
1191 1427 1284 1459 vitae
1314 1427 1496 1460 sanctitate
1527 1427 1585 1460 sso-

227 1482 309 1520 ruit,
329 1482 503 1515 miraculis
526 1486 604 1524 post
626 1486 772 1514 mortem
796 1482 1018 1514 clarissimus.
1068 1482 1128 1514 An
1152 1482 1282 1525 aliquid
1307 1483 1491 1525 scripserit,
1516 1493 1585 1515 non

228 1537 350 1580 reperi.

276 1592 437 1625 Florebat
456 1603 545 1625 anno
566 1601 828 1626 mccxxxvm.

655 1706 687 1738 S.
713 1705 1050 1740 ARGOBASTUS.
1104 1710 1157 1740 28.

228 1818 262 1849 S.
291 1817 566 1856 ARGOBASTUS,
593 1818 665 1850 sive
691 1817 922 1862 Arbogastus‚
948 1823 1018 1857 aut,
1044 1824 1084 1851 ut
1109 1819 1213 1852 habet
1239 1818 1391 1852 Joannes
1422 1831 1442 1852 a
1474 1820 1585 1864 Nigra

227 1872 336 1911 Valle,
352 1873 593 1916 Armegastus,
613 1873 647 1906 S.
663 1873 833 1906 Florentii
848 1885 970 1906 comes.
998 1874 1075 1907 Lib.
1093 1883 1144 1907 VI.
1159 1874 1262 1907 infra.
1290 1879 1310 1893 ‘⁶
1324 1874 1377 1907 De
1395 1874 1509 1908 Scotia
1526 1887 1584 1908 ex-

229 1929 359 1966 cessit,”
374 1929 422 1961 ait
438 1928 599 1961 Molanus
613 1929 705 1961 infra
718 1929 891 1961 laudatus.
936 1929 1107 1974 Magnum
1122 1929 1256 1963 Scotiae
1269 1931 1396 1968 lumen,
1411 1931 1447 1962 in
1461 1929 1583 1964 Galliis

229 1988 263 2016 et
290 1983 486 2016 Germaniis
516 1985 691 2026 praeclara
721 1985 925 2017 eruditionis
956 1985 1048 2018 fama
1079 1986 1230 2018 emicuit.
1288 1985 1356 2018 Hie
1384 1985 1583 2030 Dagoberto

229 2039 442 2071 Francorum
468 2040 541 2083 regi
567 2040 609 2072 ab
635 2040 798 2082 epistolis,
823 2045 856 2072 et
879 2042 1029 2079 secretis,
1053 2041 1282 2084 consiliisque,
1307 2052 1347 2074 eo
1370 2043 1461 2084 apud
1485 2043 1582 2075 illum

228 2095 301 2127 loco
326 2104 395 2136 quo
420 2094 576 2136 privatus
602 2106 674 2127 esse
699 2096 791 2137 apud
817 2100 954 2128 tantum
979 2097 1169 2139 principem
1196 2102 1258 2129 aut
1283 2097 1412 2135 debuit,
1438 2103 1499 2131 aut
1524 2109 1583 2141 po-

229 2150 306 2182 tuit.
359 2148 497 2181 Exinde
515 2148 741 2193 Argentorati
759 2151 938 2194 episcopus
956 2152 1188 2191 renunciatus,
1206 2163 1276 2184 non
1293 2153 1366 2185 sine
1389 2154 1582 2186 sanctitatis

227 2205 388 2247 opinione
412 2205 508 2237 vixit.
558 2204 647 2249 EJus
671 2206 778 2238 vitam
802 2207 978 2248 scripsisse
1001 2206 1113 2240 fertur
1135 2218 1226 2241 anno
1250 2216 1471 2241 DCCCCLXV.
1490 2208 1582 2241 Urso

228 2261 407 2303 episcopus
434 2260 738 2304 Argentoratensis
765 2270 912 2294 XXXIX.
963 2261 1181 2307 Sigebertum
1206 2263 1355 2296 occisum
1377 2264 1420 2297 ab
1437 2275 1520 2308 apro
1538 2266 1580 2296 ad

229 2316 337 2348 vitam
356 2316 541 2349 revocavit.
594 2314 826 2361 XVolfgangus
845 2315 985 2350 Lazius.
1037 2317 1182 2362 Scripsit
1202 2323 1317 2352 autem

882 2381 905 2404 Ε
