1861 2682
630 276 802 308 GENTIS
827 273 1097 312 SCOTORUM,
1121 274 1208 306 LIB.
1232 275 1293 306 ΙΙΙ.
1588 276 1647 305 1325

426 368 480 402 De
498 369 653 414 legitimo
673 369 826 402 Paschae
845 368 1066 401 celebrandae
1085 367 1257 411 Tempore
1296 367 1356 401 lib.
1377 377 1401 401 1.

424 424 466 458 In
485 424 680 470 Evangelia
1297 425 1356 458 lib.
1377 433 1402 458 Ι.

427 480 599 514 Homilias
1026 480 1084 513 lib.
1106 489 1129 513 1.
1148 479 1230 513 Alia
1248 481 1341 524 apud
1360 480 1528 513 Balaeum
1547 481 1637 513 vide.

328 535 523 579 Episcopus
542 537 764 570 orientalium
782 536 958 570 Saxonum
976 541 1194 570 consecratus
1213 541 1265 569 est
1283 547 1374 569 anno
1392 537 1494 570 salut.
1517 545 1638 569 DCLX.

279 592 527 624 monasterium
547 591 785 636 Leastingaig.
806 604 826 625 a
843 593 1078 626 fundamentis
1101 593 1211 625 erexit
1232 603 1323 625 anno
1346 601 1498 626 DCLVII.
1529 593 1640 625 archi—

278 647 427 690 episcopi
462 647 692 680 Eboracensis
729 648 894 682 honorem
923 649 1073 691 suscepit
1102 660 1157 682 an.
1192 657 1356 681 DCLXVI.
1390 649 1433 681 ad
1465 649 1640 692 episcopa-

278 707 353 735 tum
373 702 644 736 Coventrensem
664 710 697 737 et
715 704 991 738 Lichfeldensem
1010 706 1151 738 transiit
1176 716 1267 738 anno
1294 713 1463 737 DCLXIX.
1490 705 1639 748 denique

275 757 361 791 obiit
378 770 433 791 an.
454 767 621 792 DCLXXI.
640 761 797 803 sepultus
819 760 1038 794 Lichfeldiae.
1078 761 1120 794 In
1138 765 1337 794 sanctorum
1352 771 1537 793 numerum
1551 762 1637 794 rela-

276 820 332 847 tus
347 816 473 848 colitur
486 816 542 848 die
558 825 598 847 11.
614 816 748 848 Martii.
774 817 810 848 M
816 818 905 850 olan.
918 816 1100 850 Addition.
1115 816 1280 850 Usuardi.
1305 816 1424 850 Vitam
1438 817 1513 861 ejus
1527 817 1635 860 scrip-

274 872 319 904 sit
342 870 466 903 Daniel
489 872 668 914 episcopus
692 871 874 906 Ventanus
892 874 947 905 vel
964 872 1216 912 Vintoniensis,
1235 873 1295 916 qui
1314 873 1401 907 obiit
1418 883 1510 906 anno
1528 874 1631 906 salut.

275 935 462 959 DCCXLVI.

704 1041 738 1074 S.
766 1040 1062 1074 CHILLENUS.
1115 1043 1195 1075 231.

270 1152 329 1184 DE
361 1152 395 1185 S.
427 1153 585 1185 Chilleno
613 1154 771 1187 meminit
800 1153 901 1187 Joan.
935 1153 1135 1187 Aventinus
1161 1154 1253 1197 apud
1279 1153 1553 1194 Genebrardum,
1585 1156 1631 1188 ci-

269 1212 364 1241 tante
407 1208 570 1241 Ferreolo
612 1208 738 1242 Locrio
788 1209 917 1243 Chron.
970 1209 1104 1254 Belgici
1152 1221 1232 1256 pag.
1277 1219 1312 1244 L.
1364 1210 1627 1256 Chronograph.

268 1263 442 1297 Camerac.
478 1274 673 1307 anonymus
707 1268 829 1297 auctor
858 1266 895 1297 in
924 1265 1009 1298 Vita
1043 1266 1077 1299 S.
1113 1267 1261 1300 Faronis
1293 1267 1444 1311 episcopi
1472 1268 1628 1300 Melden-

267 1320 314 1352 sis
341 1320 435 1363 apud
462 1319 569 1352 Laur.
599 1318 741 1352 Surium
777 1324 860 1352 tom.
887 1329 922 1352 V.
952 1321 1007 1353 die
1038 1330 1186 1354 XXVIII.
1216 1323 1400 1356 Octobris:
1438 1323 1542 1356 verba
1569 1335 1628 1366 ap-

267 1385 413 1419 ponam:
440 1380 461 1394 “
479 1375 677 1409 Chillenum
703 1375 856 1415 Scotum,
887 1376 1003 1409 virum
1030 1382 1189 1410 sanctum
1216 1380 1259 1411 ad
1284 1378 1533 1412 Atrebatenses
1552 1380 1626 1422 ipse

265 1432 371 1470 misit,
403 1443 488 1475 quos
515 1432 572 1464 ille
598 1431 691 1464 fama
716 1432 893 1465 doctrinae
917 1438 950 1466 et
974 1433 1168 1466 illustribus
1187 1435 1364 1467 miraculis
1383 1435 1426 1467 ad
1445 1435 1627 1468 Christum

265 1488 452 1521 traduxit.'’
502 1488 587 1520 Fuit
613 1499 696 1532 ergo
719 1488 774 1521 hic
798 1487 1085 1522 Atrebatensium
1111 1492 1299 1533 apostolus.
1352 1490 1394 1523 In
1412 1492 1569 1536 margine
1587 1503 1626 1524 eo

264 1544 328 1577 loci
347 1544 469 1577 Surius
488 1544 648 1577 observat
666 1555 686 1577 a
703 1544 910 1587 quibusdam
928 1545 1072 1579 fratrem
1092 1546 1238 1580 Faronis
1252 1548 1346 1581 hunc
1363 1549 1513 1586 censeri;
1533 1550 1625 1591 quod

263 1601 291 1633 si
311 1611 432 1633 verum
446 1604 509 1638 est,
525 1600 591 1632 erit
604 1600 709 1632 etiam
728 1600 762 1633 S.
783 1601 874 1634 Fam
891 1600 1025 1635 Scotus.
1045 1602 1140 1635 Surii
1159 1603 1356 1637 observatio
1375 1609 1550 1638 auctorem
1565 1605 1625 1637 ha-

263 1657 319 1689 bet
353 1656 485 1689 Anton.
521 1655 771 1689 Democharem
807 1658 843 1690 in
873 1657 1041 1703 Catalogo
1077 1659 1335 1703 Episcoporum
1367 1661 1621 1697 Meldensium:

264 1712 388 1745 Petrus
419 1712 586 1756 Catalogo
611 1712 670 1744 lib.
699 1722 754 1746 IX.
786 1725 858 1756 cap.
886 1723 1012 1747 CXVII.
1044 1716 1226 1749 consentit.
1278 1715 1367 1749 Vide
1395 1716 1620 1750 Vincentium

263 1768 408 1811 Speculo
440 1769 498 1801 lib.
531 1777 651 1800 XXIII.
683 1780 756 1812 cap.
787 1778 852 1802 XV.
888 1769 1054 1814 Nugatur
1083 1771 1241 1810 Locrius,
1273 1777 1410 1805 exerrat
1442 1772 1621 1805 Arnoldus

264 1824 381 1857 Uvion
398 1825 456 1858 lib.
476 1833 511 1857 v.
531 1835 604 1867 cap.
626 1833 660 1857 L.
699 1825 820 1870 Pergit
834 1837 937 1869 porro
960 1838 1154 1871 anonymus
1179 1829 1326 1871 scriptor
1347 1829 1428 1862 ille:
1458 1834 1478 1847 ‘⁶
1496 1828 1622 1861 Seden—

262 1886 296 1914 te
312 1882 520 1924 quandoque
538 1881 656 1914 eodem
677 1881 835 1914 Chilleno
853 1883 896 1914 ad
922 1894 1077 1916 mensam
1105 1895 1183 1916 cum
1210 1884 1356 1923 Farone,
1382 1886 1544 1928 poculum
1572 1886 1622 1917 vi-

262 1942 374 1969 treum
398 1948 416 1969 e
438 1937 598 1970 manibus
625 1938 808 1980 pincernae
834 1939 994 1972 excidens
1012 1939 1225 1973 confractum
1250 1945 1323 1980 est;
1351 1952 1493 1974 cernens
1520 1953 1559 1975 ea
1584 1953 1621 1974 re

262 1993 413 2026 ministri
443 1993 597 2025 animum
636 1994 879 2036 perturbatum
918 1994 1107 2034 Chillenus,
1143 1997 1349 2040 vultumque
1382 1997 1457 2041 ejus
1491 1999 1621 2040 pallore

262 2049 443 2086 suffusum,
468 2049 555 2081 clam
573 2049 603 2082 ei
622 2050 737 2082 innuit
761 2050 957 2095 fragmenta
982 2052 1095 2094 poculi
1121 2052 1187 2095 ipsi
1214 2053 1403 2095 praeberet,
1429 2065 1517 2096 quae
1543 2065 1620 2087 cum

261 2105 455 2148 accepisset,
473 2104 560 2137 fusis
578 2105 621 2138 ad
640 2103 833 2139 Dominum
851 2107 1009 2149 precibus
1028 2119 1091 2150 pro
1108 2107 1314 2153 fragmentis
1332 2110 1446 2152 poculi
1472 2111 1621 2144 redinte-

260 2166 399 2205 gratum
418 2161 579 2202 poculum
598 2161 731 2193 homini
750 2163 918 2195 moerenti
944 2163 1130 2197 restituit.”
1181 2164 1250 2197 Hic
1276 2169 1347 2198 tam
1373 2166 1543 2210 gloriosae
1570 2168 1619 2198 vi-

259 2223 313 2249 tae
341 2221 480 2248 sanctus
507 2216 544 2248 in
572 2216 826 2262 Martyrologio
852 2218 1011 2252 Romano
1039 2220 1152 2253 locum
1178 2232 1248 2253 non
1274 2221 1387 2254 habet.
1431 2222 1463 2254 O
1481 2224 1619 2255 calami-

259 2277 364 2305 tatem
396 2276 503 2310 tuam,
534 2271 671 2305 Scotia!
722 2273 754 2305 O
788 2274 1001 2318 negligentes
1032 2280 1231 2309 nostrarum
1260 2288 1376 2309 rerum
1411 2278 1614 2320 scriptores!

258 2327 317 2360 An
343 2327 474 2370 aliquid
500 2328 688 2371 scripserit,
714 2339 784 2362 non
810 2330 933 2372 reperi.
986 2335 1006 2349 “
1025 2330 1226 2375 Discipulus
1252 2332 1320 2366 fuit
1348 2333 1383 2367 S.
1411 2333 1616 2369 Columbani
