1861 2682
260 278 321 308 156
634 278 858 309 HISTORIA
882 277 1243 308 ECCLESIASTICA

265 371 396 403 sionem
414 370 556 403 Domini
574 370 735 402 celebrari
759 369 942 410 praecepit.
994 367 1185 399 Meminere
1212 366 1374 399 Sidonius
1400 364 1613 408 Apollinaris

262 426 320 459 lib.
341 435 409 459 VII.
429 427 528 468 epist.
548 435 571 457 Ιο
591 424 733 468 Gregor.
754 423 930 455 Turonen.
951 423 1009 455 lib.
1030 431 1071 454 11.
1092 422 1224 454 Histor.
1241 422 1364 454 Franc.
1379 432 1451 464 cap.
1467 431 1610 454 XXXIV.

262 481 380 514 Albin.
394 492 454 514 seu
465 481 604 513 Alcuin.
621 480 763 512 Flaccus
778 479 835 510 lib.
851 479 892 510 de
908 478 1028 510 Divin.
1049 477 1145 509 offic.
1167 488 1238 520 cap.
1256 485 1383 509 LXVII.
1419 477 1498 510 Ado
1512 478 1612 511 Vien.

264 537 424 569 Chronic.
443 541 554 570 aetate
573 545 624 568 Vi.
653 536 737 567 Fuit
756 535 791 566 in
810 534 1022 566 Convallano
1045 533 1223 576 quidpiam
1243 533 1448 571 divinitatis,
1467 544 1546 566 nam
1565 545 1613 566 se-

263 594 407 625 cretiora
425 594 552 625 scelera
568 591 774 634 quibusdam
795 590 1020 632 optimatibus
1038 589 1179 627 detexit,
1198 600 1266 632 quo
1284 589 1422 621 nomine
1448 589 1498 621 illi
1518 601 1538 622 a
1556 589 1614 622 fla-

263 649 390 693 gitioso
407 653 485 680 actu
503 648 594 680 vitae
609 647 650 679 ad
665 657 782 678 sanam
798 650 947 678 mentem
960 645 1147 677 redierunt.
1181 644 1203 676 J
1206 656 1332 677 oannes
1353 644 1614 688 Campusbellus

264 709 298 737 et
313 703 554 737 veremundus
566 706 721 734 auctores
735 707 828 739 sunt,
840 712 909 733 non
926 712 1035 743 pauca
1053 701 1096 733 ab
1113 701 1172 733 illo
1189 700 1374 743 praedicta,
1392 712 1479 743 quae
1497 706 1615 743 postea

264 765 407 793 eventus
425 759 673 801 comprobavit.
724 757 814 800 Ejus
832 761 915 789 sunt
933 757 1106 795 vaticinia,

405 815 458 847 De
476 814 652 846 Pictorum
674 813 992 855 Britannorumque
1010 812 1125 856 Regni
1143 811 1289 844 Excidio
1391 813 1449 845 lib.
1470 822 1493 844 1.

406 871 459 904 De
479 871 660 903 Scotorum
682 869 819 913 Regum
837 868 1056 900 Successione
1393 868 1452 902 lib.
1472 877 1495 900 1.

407 927 460 960 De
478 927 675 971 Anglorum
694 925 816 957 Gentis
834 924 954 957 futura
971 924 1007 956 in
1026 923 1204 956 Christum
1224 923 1357 956 Pietate
1391 924 1449 956 lib.
1471 933 1495 956 1.

408 983 546 1016 Monita
563 983 606 1014 ad
626 982 788 1014 Proceres
1392 980 1450 1012 lib.
1472 989 1494 1012 1.

309 1040 460 1073 Vivebat
496 1049 586 1071 anno
621 1045 803 1070 cccxcw.
842 1035 922 1068 Ado
955 1035 1124 1068 Viennen.
1160 1036 1215 1068 vel
1245 1045 1334 1068 anno
1369 1043 1613 1070 ccchva.

263 1096 430 1141 Sigebert.

705 1190 739 1223 S.
768 1187 1044 1222 CORMACUS.
1096 1186 1176 1221 260.

264 1265 295 1297 S.
322 1265 551 1302 CORMACUS‚
579 1263 695 1296 Sancti
722 1262 831 1294 Beani
856 1265 889 1294 et
911 1261 1073 1293 Donortii
1091 1261 1127 1293 in
1146 1261 1344 1303 episcopatu
1362 1261 1615 1294 Murthlacensi

264 1331 449 1359 successor,
476 1325 509 1352 et
535 1320 691 1352 eruditus
718 1323 751 1349 et
776 1318 854 1359 pius
880 1317 1034 1355 antistes,
1069 1317 1111 1348 de
1140 1327 1208 1359 quo
1236 1317 1324 1348 nihil
1351 1317 1546 1350 addendum
1574 1318 1616 1350 iis

263 1388 351 1420 quae
369 1377 411 1409 ab
431 1376 580 1408 Hectore
599 1374 746 1407 Boethio
764 1377 846 1405 sunt
863 1372 1000 1415 prodita
1025 1372 1082 1404 lib.
1102 1372 1143 1403 de
1161 1371 1344 1414 Episcopis
1363 1373 1616 1406 Aberdonensi-

264 1434 338 1466 bus.
390 1432 479 1476 Ejus
498 1436 602 1464 sunt:

409 1488 597 1521 conciones
615 1487 691 1529 piae
1178 1484 1237 1516 lib.
1258 1493 1281 1515 1.

313 1545 503 1578 Ecclesiam
530 1543 670 1586 regebat
695 1552 793 1574 suam
820 1549 938 1573 MXLI.
991 1538 1130 1573 Hector.
1160 1539 1282 1572 Boeth.
1309 1539 1368 1572 lib.
1396 1548 1449 1572 IX.
1484 1539 1616 1573 Histor-

266 1601 358 1635 Scot.
376 1612 454 1644 pag.
474 1607 618 1632 CCXLV.

618 1695 652 1727 S.
680 1692 945 1726 CORMACUS
970 1691 1129 1725 ALIUS.
1180 1690 1260 1725 261.

266 1772 300 1804 S.
316 1771 534 1804 CORMACUS
548 1768 635 1801 alius
649 1767 769 1799 multis
782 1765 903 1798 seculis
916 1765 1064 1807 priorem
1080 1764 1274 1807 praecessit,
1292 1764 1450 1806 “primus
1466 1764 1617 1798 Scoticae

265 1827 423 1860 ecclesiae
453 1823 674 1857 illustrator.”
734 1822 768 1854 S.
799 1821 973 1854 Adamani
1000 1821 1057 1853 lib.
1089 1829 1146 1852 111.
1178 1821 1219 1852 de
1245 1819 1328 1852 Vita
1359 1819 1393 1851 S.
1420 1819 1617 1858 Columbae,

266 1895 338 1926 cap.
359 1891 445 1915 XXL
474 1886 492 1899 ‘⁶
513 1879 803 1912 Monasteriorum
821 1881 1018 1910 sanctorum
1036 1876 1236 1908 fundatores
1254 1876 1295 1907 de
1317 1875 1442 1914 Scotia,
1470 1886 1619 1918 quorum

265 1939 414 1972 illustria
427 1937 604 1974 vocabula,
618 1935 815 1978 CongelIus,
827 1932 1080 1969 Cahinnechus,
1097 1931 1309 1970 Brendenus,
1325 1931 1544 1969 Cormacus,’'
1557 1942 1618 1964 nec

266 1997 375 2038 plura.
428 1993 573 2034 Scripsit

410 2050 580 2093 Regulam
600 2048 642 2080 ad
661 2046 801 2078 Fratres
1180 2043 1239 2076 lib.
1261 2052 1283 2075 Ι.

315 2106 466 2140 Vivebat
483 2114 573 2136 anno
593 2111 653 2134 Dc.
697 2100 808 2134 Abest
825 2101 868 2133 ab
885 2100 1044 2133 omnibus
1063 2099 1330 2143 martyrologiis.

735 2196 770 2228 S.
797 2196 1018 2229 CANICUS.
1069 2195 1148 2228 262.

272 2281 291 2295 ‘⁶
318 2274 352 2307 S.
389 2273 565 2306 CANICUS
604 2271 641 2303 in
674 2269 788 2302 Scotia
830 2268 964 2306 abbas‚’‘
1006 2268 1056 2300 ait
1094 2267 1386 2312 Martyrologium
1421 2267 1618 2300 Romanum

269 2332 322 2364 die
358 2338 413 2363 XI.
448 2327 619 2361 Octobris.
671 2325 853 2358 Usuardus
887 2325 990 2357 etiam
1026 2324 1146 2357 eodem
1177 2323 1242 2361 die,
1277 2323 1336 2356 ubi
1369 2323 1424 2356 Jo.
1458 2323 1618 2356 Molanus
