1861 2682
645 228 816 261 GENTIS
841 225 1111 263 SCOTORUM,
1137 225 1223 256 LIB.
1249 225 1311 256 111.
1592 226 1652 258 189

718 319 989 353 EXORDIUM
1017 317 1218 352 SUMET.‘’

339 377 439 411 Hanc
457 388 539 410 sane
557 377 687 421 ingenii
707 377 972 409 ostentationem
986 374 1163 408 lubentius
1177 373 1314 412 ferrem,
1329 379 1363 406 et
1377 372 1539 406 fidentius
1553 383 1650 415 prae-

290 434 450 472 dicarem,
470 444 575 476 quam
594 444 730 476 possem
748 432 821 475 pati
835 431 1046 475 jactabunde
1067 430 1110 462 ad
1134 429 1267 462 Scotiae
1287 440 1384 473 reges
1408 439 1517 473 genus
1541 429 1650 471 ipsius

288 488 530 527 referendum3
563 500 641 521 nam
675 489 776 520 inane
803 492 854 520 est
880 499 920 519 ea
945 497 980 520 se
1005 486 1119 531 gentis
1145 490 1206 518 aut
1232 485 1412 529 sanguinis
1438 485 1549 530 gloria
1574 495 1650 527 per-

287 555 405 586 peram
440 549 603 588 arrogata
633 544 822 582 venditare,
857 554 936 576 cum
970 547 1069 576 tanta
1103 542 1274 574 claritudo
1308 541 1345 574 in
1380 542 1478 574 tenui
1506 541 1649 574 fortuna

287 599 433 632 ridicula
466 600 647 637 videatur3
680 610 786 642 quare
819 604 860 632 ut
883 610 1004 632 verum
1034 599 1080 631 sit
1109 598 1278 631 familiam
1309 596 1471 630 Cluuiam
1498 597 1649 630 nobilem

286 666 370 694 esse,
399 655 449 688 ita
479 656 564 688 illud
593 656 909 694 mendacissimum,
934 666 1031 700 reges
1055 654 1190 687 Scotiae
1219 653 1341 687 Jacobi
1367 653 1516 687 Critonii
1542 653 1650 697 majo-

286 721 341 744 res
375 712 465 744 ullos
500 712 667 750 extitisse,
704 712 796 755 quod
826 716 943 745 tamen
972 713 1009 745 in
1039 712 1184 755 epistola
1214 711 1258 744 ad
1283 710 1582 744 commentarium
1612 710 1650 742 in

288 766 472 800 Paradoxa
503 768 655 800 liminari
685 768 833 801 asseruit
862 767 975 800 Aldus
1002 767 1195 805 Manutius,
1227 768 1305 810 plus
1330 766 1439 800 nimio
1465 767 1502 799 in
1531 766 1649 799 laudes

289 823 469 867 sanguinis
500 829 535 856 et
564 823 716 856 familiae
746 824 886 857 effusus.
949 824 1026 856 Hoc
1056 823 1131 856 ideo
1162 823 1308 866 plenius,
1339 826 1379 855 ut
1405 823 1567 855 mortales
1597 822 1649 855 in-

288 879 448 922 telligant
483 890 588 922 quam
622 880 773 922 insipida
808 881 854 913 sit
891 880 1110 923 quorundam
1145 879 1355 912 nostratium
1393 879 1648 912 adolescentum

286 934 399 973 elatio,
431 935 491 978 qui
516 946 551 967 se
577 935 740 968 vilescere
766 937 858 979 apud
884 940 1019 968 exteros
1045 934 1258 973 existimant,
1290 935 1359 967 nisi
1382 935 1535 978 specioso
1560 935 1648 978 regii

286 991 467 1035 sanguinis
485 992 589 1024 titulo
607 1003 642 1024 se
661 992 989 1029 commendaverint,
1015 990 1108 1034 quod
1134 990 1195 1023 vix
1214 1001 1370 1034 unquam
1393 1001 1412 1023 a
1436 1001 1517 1023 vere
1540 990 1646 1024 nobili

286 1046 361 1079 viro
379 1046 451 1079 fieri
472 1048 715 1081 animadverti.
767 1048 833 1080 Sed
851 1048 894 1081 ad
912 1058 985 1080 rem
1004 1047 1116 1080 redeo.

333 1101 423 1146 EJus
442 1108 524 1136 sunt
539 1113 546 1136 :

427 1158 524 1191 Odae
543 1160 586 1191 ad
605 1159 835 1192 Laurentium
854 1159 1009 1193 Massam
1026 1161 1142 1203 plures
1300 1160 1358 1192 lib.
1380 1169 1404 1192 1.

429 1214 566 1247 Laudes
586 1215 776 1247 Patavinae
1300 1216 1360 1249 lib.
1381 1225 1404 1249 1.
1432 1216 1581 1250 Carmen
1606 1228 1649 1250 ex

474 1274 630 1313 tempore
645 1270 804 1309 effusum,
819 1271 946 1303 cumin
963 1270 986 1303 J
988 1271 1084 1304 acobi
1102 1270 1240 1315 Aloysii
1259 1271 1411 1305 Cornelii
1429 1273 1531 1305 domo
1548 1283 1647 1316 expe-

477 1326 668 1358 rimentum
685 1326 817 1370 ingenii
835 1337 951 1359 coram
969 1331 1043 1360 tota
1057 1328 1250 1360 academiae
1268 1327 1474 1371 frequentia,
1490 1339 1560 1361 non
1574 1329 1648 1362 sine

478 1382 669 1415 multorum
687 1387 839 1425 stupore,
858 1382 996 1416 faceret.

429 1437 667 1482 Ignorationis
685 1438 859 1472 Laudatio
1296 1440 1355 1473 lib.
1377 1449 1400 1472 1.
1456 1440 1647 1484 Extempo—

475 1494 546 1526 rale
566 1494 683 1526 thema
700 1494 828 1528 ibidem
846 1496 1022 1529 redditum
1036 1501 1115 1539 post
1128 1508 1189 1530 sex
1204 1497 1368 1530 horarum
1382 1498 1646 1540 disputationes,

477 1555 518 1583 ut
547 1554 745 1592 praesentes
775 1551 911 1584 somnia
939 1553 1056 1595 potius
1084 1552 1212 1591 fovere,
1238 1564 1344 1596 quam
1369 1564 1443 1586 rem
1470 1564 1505 1587 se
1530 1564 1646 1586 veram

479 1607 607 1645 videre,
625 1606 841 1646 affirmarint,
861 1608 910 1640 ait
929 1607 1122 1642 Manutius.

426 1661 479 1694 De
497 1661 660 1705 Appulsu
678 1674 741 1696 suo
758 1663 923 1697 venetias
1296 1666 1355 1698 lib.
1376 1674 1400 1698 1.
1420 1677 1512 1709 epos.

427 1717 524 1751 Odae
542 1719 585 1751 ad
602 1718 735 1752 Aldum
754 1719 956 1754 Manutium
1301 1723 1359 1755 lib.
1381 1731 1404 1754 1.

424 1772 604 1817 Epistolae
620 1775 663 1807 ad
682 1776 836 1809 diversos
1298 1779 1358 1811 lib.
1381 1788 1403 1810 1.

428 1829 667 1864 Praefationes
696 1833 865 1865 solemnes
891 1833 927 1865 in
954 1844 1071 1866 omnes
1098 1834 1257 1866 scientias

478 1897 591 1919 sacras
609 1892 644 1920 et
660 1887 824 1931 profanas
1301 1891 1358 1923 lib.
1383 1900 1406 1923 1.

427 1940 604 1975 Judicium
626 1944 667 1975 de
685 1943 907 1987 Philosophis
1298 1947 1357 1980 lib.
1378 1956 1402 1980 1.

430 1996 577 2031 Errores
596 1998 797 2032 Aristotelis
1299 2004 1358 2036 lib.
1379 2013 1403 2036 1.

429 2051 613 2086 Refutatio
631 2054 959 2089 Mathematicorum
1301 2059 1361 2092 lib.
1382 2069 1406 2092 1.

429 2107 549 2140 Armis
568 2120 612 2141 an
629 2110 748 2143 literae
766 2117 941 2154 praestent
956 2113 971 2145 Ρ
1300 2116 1357 2149 lib.
1379 2125 1402 2148 1.
1414 2118 1648 2150 controversia

477 2165 641 2199 oratoria.

331 2219 432 2253 Vixit
451 2231 542 2253 anno
561 2229 770 2255 MDLXXXI.
792 2222 914 2257 Plures
932 2225 1038 2259 libros
1052 2229 1252 2261 memoriter
1270 2229 1418 2267 tenebat,
1436 2240 1540 2272 quam
1555 2230 1647 2272 quis-

284 2286 387 2318 quam
405 2287 443 2309 ea
457 2280 569 2310 aetate
586 2277 728 2321 legerat.
756 2278 857 2312 Felix
869 2279 1029 2315 Astolfus
1042 2282 1078 2315 in
1090 2282 1236 2317 Officina
1249 2284 1425 2318 Historica
1440 2286 1567 2329 pagina
1580 2293 1646 2317 011.
