1861 2682
614 224 784 257 GENTIS
809 223 1081 260 SCOTORUM,
1106 223 1193 254 LIB.
1219 224 1276 254 IV.
1567 225 1629 254 213

271 318 455 356 lustravit;
475 317 533 350 scd
551 327 628 349 cum
652 316 933 359 deprehendisset
958 316 1122 360 exiguum
1146 315 1194 348 ibi
1219 315 1329 348 divini
1350 315 1464 347 cultus
1490 326 1626 357 promo-

272 374 372 405 vendi
399 373 590 405 subsidium
618 383 700 410 esse,
727 372 870 405 fratrem
888 373 924 404 in
943 371 1081 404 Italiam
1105 376 1157 404 est
1180 371 1386 404 festinanter
1409 370 1624 408 subsecutus,

269 429 470 471 primusque
499 427 685 470 Lupiensis
715 428 894 469 episcopus
919 428 1019 458 sedit.
1083 426 1199 468 Lupia
1228 432 1344 459 autem
1376 426 1419 459 ab
1451 437 1625 469 anonymo

268 488 386 516 nostro
412 483 513 515 Scoto
535 484 571 514 in
594 482 789 520 Itinerario,
818 482 910 524 quod
936 481 1103 515 tribuitur
1127 480 1215 514 falso
1240 481 1422 514 Antonino
1447 482 1623 526 Augusto,

268 538 371 580 Lipia
404 544 466 576 est,
501 538 535 570 S.
572 538 719 570 Paulino
753 537 898 579 epistola
926 538 967 570 de
997 536 1094 570 obitu
1128 536 1271 569 Nicetae
1306 537 1425 580 Lepia,
1461 537 1622 570 Straboni

269 593 418 632 Λουπίαι,
437 593 581 636 Lupiae,
600 593 752 631 effertur,
772 593 885 627 Melae
902 604 971 627 non
989 593 1062 626 sine
1079 594 1204 626 menda
1220 592 1382 636 Luspiae,
1401 594 1460 626 sed
1474 593 1624 636 Lupiam

266 649 370 681 habet
395 648 542 687 Plinius,
569 652 603 680 et
629 647 741 680 Melae
771 659 909 682 concors
941 649 1171 689 Ptolomaeus,
1198 650 1290 692 apud
1313 660 1415 692 quem
1442 648 1622 682 Λουσστίαιτ

266 715 358 737 nunc
376 704 490 737 Rocca
508 704 672 737 Galataeo
691 708 753 742 est,
776 705 858 736 olim
881 704 1033 748 Sybaris,
1055 712 1096 738 ut
1113 706 1190 738 vult
1208 705 1410 744 Pausanias,
1434 717 1495 738 nec
1519 707 1624 750 longo

266 760 345 792 inde
363 765 478 793 tractu
496 759 605 792 Ennii
624 759 770 792 Rudiae.
814 760 916 793 Hanc
933 762 1054 794 urbem
1078 762 1194 804 itaque
1211 766 1329 794 noster
1347 766 1380 794 et
1398 766 1534 794 nostras
1552 762 1622 795 Do-

265 821 368 849 natus
386 816 437 848 ita
454 816 559 848 verbo
577 821 611 849 et
629 817 785 859 exemplo
803 816 1015 856 informavit,
1035 822 1075 850 ut
1092 818 1173 862 jure
1199 818 1323 850 merito
1349 817 1423 862 ejus
1445 819 1620 860 apostolus

265 872 385 905 haberi
402 872 522 915 possit.
574 871 658 904 Vita
676 871 711 904 S.
730 871 902 905 Cathaldi.
953 872 1044 906 Acta
1060 873 1154 906 illius
1172 874 1343 906 ecclesiae.
1395 873 1541 916 Scripsit

406 927 464 960 Ad
482 927 675 970 Lupienses
694 927 866 960 Homilias
1178 929 1236 962 lib.
1257 937 1281 961 1.

408 983 654 1016 Ordinationes
672 982 846 1016 Ecclesiae
864 994 945 1016 suae
1175 985 1234 1018 lib.
1255 994 1279 1017 1.

312 1038 450 1071 Floruit
464 1049 555 1072 anno
569 1047 754 1072 CCCLXIV.
782 1039 865 1072 Dies
879 1041 993 1073 cultus
1006 1045 1057 1074 est
1071 1049 1124 1073 IV.
1139 1039 1307 1085 Augusti,
1321 1044 1355 1073 et
1370 1049 1439 1073 vn.
1454 1042 1618 1085 ejusdem.

720 1150 754 1182 S.
781 1150 1027 1185 DORANUS.
1080 1153 1160 1189 389.

261 1260 292 1293 S.
315 1259 520 1299 DORANUS,
547 1260 727 1303 episcopus
753 1260 886 1300 Scotus,
913 1263 972 1294 sed
997 1263 1034 1294 in
1059 1262 1184 1301 Scotia,
1210 1273 1255 1296 an
1281 1273 1363 1297 vero
1388 1268 1497 1304 extra,
1525 1265 1618 1298 haud

259 1315 357 1348 facile
382 1316 619 1360 dijudicarim;
651 1326 730 1348 eum
755 1321 871 1349 tamen
897 1317 946 1349 sic
972 1322 1132 1350 vocatum
1158 1319 1291 1362 reperio
1318 1330 1337 1351 a
1363 1319 1531 1360 Florario,
1557 1332 1619 1354 nec

259 1372 330 1404 ulla
346 1372 458 1415 major
475 1372 561 1404 mihi
580 1373 651 1404 lux·

306 1426 433 1460 Annus
447 1438 584 1470 quoque
599 1428 691 1470 apud
705 1438 760 1460 me
778 1428 940 1467 incertus,
959 1428 1045 1461 illud
1063 1439 1144 1462 vero
1162 1434 1305 1469 certum,
1324 1442 1402 1463 eum
1421 1432 1485 1464 coli
1504 1432 1558 1465 die
1574 1440 1614 1465 ΙΙ.

261 1481 448 1515 Novembr.
488 1482 564 1515 Aut
581 1483 687 1526 hujus
705 1488 766 1516 aut
784 1485 926 1517 alterius
951 1484 1143 1529 [ejusdem]
1164 1486 1379 1530 cognominis
1397 1488 1555 1520 meminit
1575 1499 1617 1520 ex

260 1537 443 1571 Breviario
467 1537 666 1571 Glascoensi
684 1538 857 1573 Henricus
881 1539 1068 1578 sinuatus,
1091 1542 1151 1584 qui
1169 1542 1450 1575 archidiaconum
1468 1545 1617 1586 appellat

258 1593 334 1637 ejus
352 1594 453 1626 sedis.

734 1690 769 1723 S.
795 1690 1000 1724 DUFFUS.
1052 1694 1132 1729 390.

257 1760 292 1793 S.
327 1760 500 1799 DUFFUS,
535 1760 718 1794 Scotorum
751 1774 812 1795 rex
847 1772 1007 1796 Lxxnx.
1043 1764 1209 1808 Indulphi
1239 1777 1423 1805 successor,
1457 1768 1611 1806 virtutis,

258 1816 408 1858 pietatis,
422 1816 649 1861 justitiaeque
667 1819 918 1857 tenacissimus,
942 1830 1051 1862 usque
1074 1821 1169 1859 adeo,
1193 1826 1233 1854 ut
1257 1833 1335 1854 cum
1353 1834 1428 1855 reos
1447 1824 1613 1865 quosdam

257 1871 484 1904 adolescentes
519 1873 650 1905 nobiles
684 1875 880 1916 plectendos
921 1876 1120 1915 censuisset,
1162 1888 1224 1909 nec
1265 1889 1410 1920 poenam
1453 1878 1612 1912 Donaldo

257 1925 381 1959 Thano
415 1927 603 1970 impensius
638 1930 861 1962 intercedenti
896 1931 1099 1970 remitteret,
1133 1934 1252 1966 uxoris
1286 1934 1437 1966 Donaldi
1479 1936 1612 1968 artibus

258 1986 363 2014 noctu
393 1993 454 2014 rex
479 1983 674 2027 jugulatus,
710 1990 844 2028 martyr
878 1990 930 2018 est
962 1987 1112 2026 habitus,
1143 1989 1242 2032 cujus
1277 1990 1409 2023 obitum
1443 1992 1526 2023 coeli
1561 1993 1612 2024 lu·

257 2043 404 2075 xerunt3
430 2048 509 2070 nam
529 2043 549 2056 ‘⁶
566 2049 626 2071 sex
644 2041 807 2073 continuo
825 2046 903 2083 post
921 2053 1064 2082 menses,
1083 2055 1144 2077 nec
1162 2046 1212 2077 sol
1230 2045 1382 2079 interdiu
1400 2048 1471 2080 suis
1495 2048 1611 2085 radiis,

258 2103 319 2124 nec
344 2094 426 2125 luna
449 2098 553 2126 noctu
577 2104 639 2126 suo
665 2096 805 2132 lumine,
832 2096 981 2130 Scoticas
1008 2110 1085 2132 oras
1110 2101 1349 2141 collustravit3
1377 2103 1468 2135 unde
1493 2115 1611 2136 omnes

256 2149 464 2192 gravissima
489 2160 645 2192 quaeque
671 2151 735 2183 sibi
762 2152 940 2191 timebant,
968 2165 1030 2186 nec
1055 2155 1239 2195 immerito,
1266 2168 1344 2190 cum
1371 2159 1486 2191 omnia
1511 2160 1611 2192 nubi-

258 2203 320 2236 bus
351 2204 508 2243 obducta,
536 2206 649 2239 ventis
675 2207 854 2245 concitata,
881 2208 1088 2253 ignibusque
1113 2212 1287 2251 micantia,
1314 2213 1424 2247 Scotis
1451 2216 1505 2247 vel
1530 2215 1609 2248 hor-

257 2261 398 2293 rendam
433 2266 579 2295 mortem
614 2264 669 2295 vel
702 2263 935 2297 calamitosam
966 2266 1075 2299 vitam
1105 2268 1318 2302 intentarent
1332 2270 1359 2301 :'’
1396 2270 1500 2303 verba
1527 2276 1608 2304 sunt
