1861 2682
239 273 279 302 9⁶2
613 271 837 303 HISTORIA
862 270 1226 303 ECCLESIASTICA

242 363 357 397 Aliter
374 374 455 396 vero
473 363 575 395 iidem
594 361 714 406 Varoy
731 362 888 401 audiunt,
906 367 946 395 ut
963 362 1052 395 libro
1069 370 1155 395 xlx.
1180 360 1284 396 infra.
1334 360 1469 404 Scripta
1493 363 1599 404 perie-

243 424 335 452 runt.
387 417 538 451 Vivebat
556 428 647 451 anno
665 426 752 451 Dec.
771 422 811 451 ut
829 418 1000 451 existimo.

749 513 784 547 S.
811 513 958 547 BEGA.
1011 512 1090 547 163.

244 587 278 619 S.
297 586 425 625 BEGA,
451 585 550 630 virgo
573 586 674 630 longe
697 586 923 625 sanctissima,
947 595 1016 619 non
1041 584 1192 618 Scotiam
1215 585 1328 624 modo,
1352 585 1411 618 sed
1435 591 1470 619 et
1488 590 1599 619 totum

243 642 511 686 septentrionem
530 641 672 674 mirifice
689 641 881 674 illustravit
897 653 907 683 ;
935 651 1017 674 nam
1035 642 1072 674 in
1089 640 1222 686 Anglia
1245 642 1411 674 comitatu
1435 641 1602 674 Cumbria

243 708 343 731 mons
357 702 390 730 et
403 697 679 740 promontorium
692 697 929 730 vastissimum
941 697 1016 741 ejus
1030 707 1155 730 nomen
1167 701 1272 736 tenet,
1284 698 1390 742 vulgo
1400 695 1438 730 S.
1450 695 1557 735 Bees,
1569 701 1601 729 et

244 754 280 786 in
292 753 456 786 ulteriore
468 752 584 785 oceani
597 757 710 785 tractu
721 757 741 771 “
749 751 956 797 Norvegia‚'’
968 753 1083 796 inquit
1094 752 1234 792 Lazius,
1246 757 1268 772 “
1277 753 1376 796 quasi
1388 751 1423 785 N
1425 753 1565 797 orbegia
1573 752 1600 783 :‘'

245 815 278 842 et
292 809 375 841 haec
389 809 497 841 altera
511 807 667 846 Claudia,
682 807 873 847 Maxentia,
888 808 1098 847 Mechtildis,
1113 807 1212 852 Syra,
1229 807 1445 852 Walpurgis,
1463 807 1600 845 Ursula,

246 864 437 902 Pandiona,
457 863 615 908 Brigida‚
634 863 818 902 Chuvilda,
836 863 956 903 Daria,
974 863 1206 902 Dardulacha,
1224 862 1393 901 Emerita,
1412 863 1601 901 Findocha,

245 919 374 957 Macra,
401 918 578 957 Genesim,
606 919 778 958 Modesta,
806 919 917 958 Odda,
944 919 1135 963 Promptia,
1162 918 1363 957 Possennia,
1394 918 1602 957 Sanctanna,

246 975 430 1013 Richarda,
458 974 649 1020 Taraghta,
677 974 870 1013 Summiva,
897 974 1128 1015 Erentrudis3
1160 986 1241 1008 nam
1264 975 1376 1007 omnis
1400 974 1464 1006 hae
1489 973 1604 1006 Scotia

245 1030 422 1069 oriundae,
450 1030 563 1073 patria
588 1041 651 1063 sua
676 1040 844 1074 egressae,
873 1030 1107 1064 incredibilem
1138 1031 1297 1064 ecclesiae
1326 1029 1497 1062 fervorem
1528 1040 1605 1072 ope-

246 1097 388 1129 ramque
406 1086 649 1124 exhibuerunt,
667 1090 706 1118 ut
725 1086 877 1118 dubitari
895 1091 1021 1129 posset,
1038 1091 1118 1120 uter
1134 1097 1237 1119 sexus
1253 1085 1386 1124 fortior,
1399 1086 1603 1130 gloriosior3

246 1146 279 1174 et
297 1141 351 1174 his
364 1142 445 1185 jure
463 1141 587 1174 merito
604 1140 701 1185 Bega
719 1146 978 1180 annumeretur,
996 1152 1084 1185 quae
1103 1142 1268 1175 miracula
1285 1141 1320 1174 in
1339 1141 1470 1185 Anglia
1487 1152 1606 1183 perpe-

246 1197 349 1230 trarit
366 1197 469 1229 etiam
488 1196 590 1229 hodie
607 1197 811 1229 admiranda
834 1197 926 1239 apud
948 1198 1041 1240 ipsos
1063 1198 1265 1236 haereticos,
1289 1207 1369 1229 nam
1393 1201 1533 1229 taurum
1559 1196 1606 1229 fe-

246 1263 323 1285 rum
337 1252 514 1291 cicuravit,
529 1256 564 1285 et
577 1252 755 1285 elementis
770 1252 953 1285 sanctitate
967 1253 1164 1296 imperavit,
1180 1253 1303 1296 hyeme
1321 1253 1478 1289 calorem,
1496 1258 1605 1285 aesta-

245 1313 279 1341 te
292 1308 389 1340 nives
403 1308 603 1350 impetrans,
619 1307 711 1350 quod
725 1306 932 1346 Camdenus,
946 1308 1025 1341 licet
1036 1308 1238 1347 haereticus,
1252 1318 1322 1340 non
1333 1307 1437 1340 audet
1448 1307 1604 1346 inficiari,

245 1374 324 1408 pag.
356 1371 559 1396 Deccxxx.
609 1362 760 1395 Demum
792 1367 870 1405 post
899 1367 952 1396 tot
981 1364 1194 1408 propagandi
1225 1363 1396 1408 evangelii
1427 1374 1529 1396 causa
1559 1365 1606 1396 la-

246 1419 345 1452 bores
362 1423 538 1460 susceptos
556 1418 659 1450 rediit
676 1418 713 1450 in
737 1417 897 1457 Scotiam,
920 1423 954 1452 et
977 1419 1014 1451 in
1037 1418 1276 1462 Kuningamia
1297 1418 1438 1461 regione
1464 1419 1606 1451 sanctis-

247 1475 333 1507 sime
357 1474 443 1506 obiit
464 1474 538 1506 loco
555 1474 614 1516 qui
633 1473 677 1506 ab
694 1484 734 1506 ea
751 1473 897 1518 Kilbege
914 1485 1006 1507 nunc
1023 1474 1161 1507 dicitur.
1213 1473 1255 1506 In
1274 1484 1342 1516 qua
1366 1484 1449 1506 voce
1467 1484 1606 1517 corrup-

247 1534 304 1563 tus
335 1529 530 1574 Ingulphus
562 1529 830 1572 Croylandensis
862 1529 995 1563 Histor.
1027 1541 1106 1574 pag.
1130 1537 1214 1562 mx.
1247 1534 1268 1548 “
1294 1528 1471 1562 Siwardus
1501 1529 1605 1562 abbas

250 1584 395 1619 Sanctae
414 1584 527 1629 Pegae
543 1584 573 1617 :'¹
599 1585 657 1617 sed
675 1586 750 1629 lege
767 1583 905 1629 Regae.
956 1584 1101 1628 Scripsit

392 1640 444 1673 De
462 1640 537 1673 Deo
556 1651 639 1673 vero
657 1641 700 1673 ad
718 1640 929 1674 Orcadianos
1073 1641 1132 1675 lib.
1152 1650 1176 1674 1.

393 1696 422 1728 F
425 1697 594 1729 ormulam
614 1695 759 1728 Precum
779 1696 821 1728 ad
839 1696 958 1729 Danos
1067 1697 1126 1730 lib.
1147 1706 1170 1729 1.
1212 1696 1385 1730 Henricus
1417 1696 1603 1730 Sinclarus.

440 1751 520 1784 Non
539 1752 610 1784 vidi
629 1762 716 1794 quae
735 1751 884 1784 Balaeus
902 1752 1067 1797 assignat.

298 1807 433 1841 Claruit
452 1818 542 1840 anno
561 1815 782 1840 DCCLXXIV.
801 1813 967 1851 regnante
986 1808 1165 1841 Soluathio
1183 1809 1219 1841 in
1238 1807 1363 1841 Scotia.
1403 1807 1539 1840 Colitur
1552 1817 1605 1840 VI.

250 1863 424 1907 Septemb.
452 1862 584 1896 Errant
609 1864 669 1906 qui
696 1863 785 1896 hanc
810 1873 887 1895 cum
914 1863 990 1907 Bey
1015 1865 1150 1908 virgine
1175 1863 1403 1902 confundunt,
1428 1874 1508 1897 nam
1528 1865 1606 1902 ista,

251 1919 413 1953 Donaldo
444 1918 507 1952 VI.
546 1919 620 1963 regi
650 1923 772 1952 nostro
801 1918 993 1958 familiaris,
1026 1928 1049 1951 1.
1080 1918 1114 1951 N
1117 1919 1250 1952 ovemb.
1281 1919 1404 1952 colitur
1419 1929 1428 1958 3
1468 1930 1510 1952 ex
1539 1930 1607 1962 quo

250 1976 359 2018 liquet
385 1986 441 2008 eas
466 1974 604 2007 differre
629 1979 741 2007 aetate
770 1982 909 2006 CXXIV.
936 1985 1118 2007 annorum.
1182 1974 1296 2007 Hodie
1326 1975 1417 2018 apud
1448 1974 1604 2019 Kilbege,

251 2031 287 2064 id
304 2035 366 2069 est,
384 2031 502 2063 cellam
521 2030 648 2074 Begae,
667 2030 834 2062 memoria
851 2029 978 2062 dicitur
995 2035 1122 2063 extare.

700 2124 734 2158 S.
761 2123 1025 2157 BENIGNUS.
1079 2124 1157 2158 164.

253 2198 288 2230 S.
313 2197 540 2234 BENIGNUS‚
571 2195 744 2229 confessor
774 2201 808 2229 et
836 2194 1026 2238 presbyter,
1057 2197 1223 2241 magister
1253 2202 1288 2231 et
1317 2198 1481 2231 educator
1510 2208 1605 2230 sanc-

253 2252 379 2286 tissimi
405 2252 472 2284 viri
497 2252 675 2294 apostolici
701 2251 831 2289 Livini,
857 2251 916 2294 qui
944 2251 980 2283 in
1007 2250 1129 2295 Belgio
1159 2258 1293 2296 martyr
1324 2252 1481 2286 Gandavi
1512 2254 1606 2295 quie·

254 2308 329 2346 scit,
346 2312 386 2340 ut
403 2311 524 2340 notum
543 2307 618 2351 ejus
636 2305 730 2345 Vita,
748 2307 846 2350 cujus
865 2311 984 2340 auctor
1002 2306 1035 2338 S.
1054 2306 1266 2347 Bonifacius,
1286 2313 1320 2341 et
1333 2308 1490 2341 meminit
1503 2307 1604 2341 Joan.

257 2363 417 2397 Molanus
437 2362 594 2397 Indiculo
612 2361 816 2396 Sanctorum
835 2362 948 2408 Belgii
966 2373 999 2406 p.
1019 2370 1112 2395 XLV.
1164 2363 1300 2407 Scripta
1317 2363 1576 2397 interciderunt.
