1861 2682
244 264 284 292 42
614 261 837 294 HISTORIA
861 261 1218 294 ECCLESIASTICA

661 409 696 443 S.
722 408 790 442 JO.
816 406 1078 442 AIRIGENA.
1129 405 1186 441 64.

245 522 279 555 S.
297 521 321 554 J
324 528 485 554 OANNES
502 520 682 567 Airigena,
701 531 761 554 seu
779 520 944 565 Erigena,
967 518 1156 552 monachus
1182 517 1313 551 ordinis
1336 517 1380 551 D.
1405 517 1597 559 Benedicti,

244 578 288 611 ab
315 576 405 610 Aira
433 578 558 621 oppido
587 578 857 621 haudquaquam
886 574 1059 613 incelebri,
1088 573 1162 606 sive
1192 572 1275 613 Era,
1305 585 1495 619 cognomen
1525 585 1597 608 sor-

246 633 344 672 titus,
374 637 415 666 ut
441 643 534 666 nunc
561 634 665 667 etiam
695 633 731 665 in
759 631 863 665 Italia
893 631 1051 663 videmus
1081 629 1288 663 clarissimos
1318 630 1411 663 viros
1441 641 1462 663 a
1486 630 1600 663 muni·

245 689 342 731 cipiis
367 689 439 722 suis
465 688 670 734 cognomina
695 688 869 720 asciscere.
919 685 1039 718 Abbas
1069 684 1322 719 Vercellensis:
1348 689 1370 704 “
1394 684 1461 719 Vir
1490 686 1599 718 excel-

244 744 347 777 lentis
372 745 515 788 ingenii,
541 743 673 776 Graeca
697 747 731 775 et
757 742 885 775 Latina
910 742 1067 774 eruditus
1093 741 1245 785 lingua-’³
1293 741 1395 774 Joan.
1425 740 1598 774 Trithem.

245 799 305 832 lib.
321 807 363 831 11.
377 800 419 832 de
432 799 507 832 Vir.
522 799 648 831 illustr.
663 797 786 831 Ordin.
802 796 837 830 S.
852 796 1032 829 Benedicti
1050 806 1122 839 cap.
1137 804 1249 828 XLVI.
1299 795 1397 829 Idem
1415 795 1599 841 Scotigena

245 854 368 888 dictus.
395 854 588 888 Germanus
615 854 652 886 in
675 852 892 886 Bibliotheca
914 861 958 885 ex
982 851 1188 884 Trithemio.
1215 850 1356 896 Collega
1371 851 1428 884 hic
1444 851 1598 891 Alcuini,

248 920 326 943 cum
352 921 391 943 eo
416 921 437 943 a
461 909 577 943 Scotia
601 909 638 942 in
663 908 792 942 Gallias
822 908 865 940 ad
896 907 1059 940 Carolum
1089 906 1260 951 Magnum
1290 906 1475 950 profectus,
1505 907 1599 940 Tici-

244 966 360 999 nensis
386 965 520 999 scholae
546 964 711 998 fundator
732 964 811 997 fuit.
863 962 973 996 Iidem
995 966 1151 995 auctores
1175 963 1235 1006 qui
1258 973 1363 1006 supra
1386 963 1424 995 in
1444 960 1599 996 Alcuino

245 1021 379 1054 abbate.
432 1020 536 1053 Hunc
554 1019 641 1053 falso
665 1031 743 1053 cum
766 1019 900 1052 Joanne
924 1018 1035 1057 Scoto,
1060 1018 1120 1061 qui
1146 1017 1387 1051 Hierarchiam
1403 1018 1448 1051 D.
1467 1017 1600 1062 Diony-

246 1076 289 1109 sii
315 1076 479 1109 Latinam
505 1075 597 1114 fecit,
623 1075 851 1113 confundunt,
876 1077 911 1106 et
935 1074 973 1106 in
997 1073 1052 1106 his
1077 1073 1236 1105 Andreas
1261 1072 1457 1112 DuvaHius,
1481 1074 1600 1107 doctor

245 1131 464 1170 Sorbonicus,
481 1131 518 1164 in
535 1132 626 1164 notis
644 1131 687 1164 ad
701 1131 829 1163 librum
842 1129 1015 1162 Ecclesiae
1030 1128 1276 1173 Lugdunensis
1291 1138 1300 1168 ;
1319 1138 1399 1162 nam
1413 1129 1469 1162 hic
1482 1132 1599 1162 noster

245 1188 396 1230 aequalis
420 1187 489 1220 fuit
514 1187 638 1220 Carolo
663 1186 805 1231 Magno,
833 1185 890 1218 ille
915 1194 997 1217 vero
1023 1192 1086 1217 xc.
1113 1184 1213 1217 annis
1241 1184 1323 1217 totis
1348 1188 1467 1227 postea
1495 1183 1595 1216 vixit.

246 1242 382 1286 Scripta
398 1242 442 1275 ab
459 1253 499 1276 eo
516 1248 598 1275 sunt
613 1252 622 1274 z

387 1298 441 1331 De
459 1297 778 1330 Praedestinatione
1156 1295 1215 1328 lib.
1235 1303 1260 1327 Ι.

387 1353 442 1386 De
460 1352 693 1385 Praescientia
709 1351 829 1383 divina
1156 1350 1216 1383 lib.
1236 1358 1260 1383 Ι.

388 1408 443 1441 De
460 1418 541 1440 vera
558 1407 701 1439 humani
718 1405 869 1438 Arbitrii
887 1404 1064 1439 Libertate
1154 1405 1213 1438 lib.
1234 1414 1259 1438 1.

388 1463 563 1507 Dogmata
581 1461 825 1504 Philosophica
1156 1461 1216 1493 lib.
1237 1469 1260 1493 Ι,

389 1517 628 1560 Epistolarum
646 1518 689 1549 ad
707 1517 860 1549 diversos
1156 1516 1215 1549 lib.
1235 1524 1259 1548 1.

391 1573 581 1617 Theologia
598 1572 745 1615 mystica
1159 1571 1217 1604 lib.
1237 1580 1261 1604 1.

247 1630 377 1663 Contra
405 1639 493 1671 quae
523 1629 636 1660 editus
666 1632 718 1660 est
748 1627 834 1660 liber
863 1626 1036 1659 Ecclesiae
1066 1626 1311 1671 Lugdunensis
1340 1627 1477 1661 nomine
1507 1629 1595 1662 circa

246 1695 375 1718 annum
393 1692 531 1716 DCCCL.
550 1694 628 1716 cum
646 1683 799 1715 nondum
818 1682 929 1715 adhuc
948 1681 971 1713 J
974 1692 1100 1715 oannes
1124 1682 1255 1721 Scotus,
1275 1681 1498 1716 Hierarchiae
1520 1695 1594 1717 ver-

246 1751 312 1779 sor,
330 1744 443 1773 natus.
481 1739 578 1781 Opus
596 1742 711 1771 autem
729 1737 816 1770 illud
834 1742 929 1770 extat
946 1742 1030 1770 tom.
1046 1746 1102 1770 lx.
1115 1737 1174 1771 SS.
1190 1737 1346 1771 Patrum.
1383 1737 1476 1771 Huic
1489 1739 1593 1772 etiam

247 1795 464 1828 Bibliotheca
481 1794 616 1833 tribuit,
634 1794 695 1837 qui
713 1793 812 1827 alteri
829 1792 852 1825 J
855 1793 957 1826 oanni
975 1793 1178 1827 tribuendus
1196 1793 1282 1826 liber
1299 1797 1361 1833 est,
1378 1797 1418 1827 ut
1435 1804 1498 1827 suo
1520 1795 1594 1827 loco

246 1851 371 1884 docebo
388 1850 490 1883 infra.

389 1905 443 1938 De
459 1905 642 1938 Divisione
660 1904 816 1938 Naturae
1153 1903 1213 1936 lib.
1233 1912 1257 1937 1.

388 1961 442 1993 De
459 1961 610 2004 Corpore
627 1964 662 1993 et
679 1960 855 2004 Sanguine
872 1958 1013 1992 Domini
1155 1958 1215 1991 lib.
1235 1967 1260 1992 1.

387 2016 441 2048 De
458 2015 688 2048 immaculatis
706 2014 886 2057 Mysteriis
1154 2014 1214 2048 lib.
1233 2024 1258 2049 1.

390 2071 443 2103 De
461 2071 557 2109 Fide,
575 2074 695 2103 contra
712 2068 896 2109 Barbaros,
1152 2070 1212 2103 lib.
1232 2079 1257 2103 Ι.

389 2126 442 2159 De
461 2126 674 2159 instituenda
689 2124 882 2158 Juventute
1152 2126 1211 2158 lib.
1231 2134 1256 2158 1.

388 2181 671 2224 Paraphrasticos
689 2179 818 2213 Tomos
1153 2181 1212 2214 lib.
1232 2190 1257 2214 1.

297 2236 414 2282 Hujus
431 2236 542 2269 nostri
560 2247 651 2280 ergo,
669 2236 763 2279 quod
780 2235 895 2276 sciam,
913 2240 1050 2270 tantum
1067 2235 1150 2270 haec
1167 2241 1260 2270 sunt.

389 2292 442 2326 De
459 2291 588 2325 Officiis
605 2291 766 2325 humanis
1153 2291 1212 2325 lib.
1231 2300 1256 2325 1.
