1861 2682
884 276 924 314 ix

228 382 350 427 Coke,
364 380 532 419 Comitis
547 385 686 432 postea
702 378 1014 417 Leicestriensis.
1068 377 1199 416 Laute
1215 383 1380 416 ornatus
1396 383 1456 415 est
1471 377 1571 416 liber

229 444 313 490 iste,
339 441 565 481 Florentiae
586 442 714 480 forma
733 443 884 493 majore
905 441 1049 486 editus,
1070 440 1247 491 primum
1268 440 1433 491 quidem
1460 439 1571 477 volu-

227 519 319 544 men
351 518 457 543 anno
496 508 543 546 17
547 509 610 549 23,
637 503 860 542 secundum
892 516 998 540 anno
1028 502 1278 554 insequente.
1336 502 1412 540 Cui
1443 516 1573 540 comes

227 573 365 620 postea
384 569 503 606 datus
524 572 584 605 est
610 566 671 604 Jo.
700 566 906 617 Baptistae
933 564 1102 603 Passerii
1131 563 1243 610 liber,
1271 570 1291 586 ‘⁴
1311 564 1361 602 In
1392 564 1573 602 Thomae

228 631 459 682 Dempsteri
488 629 611 668 libros
637 629 687 666 de
715 628 882 666 Etruria
909 625 1051 678 Regali
1080 626 1396 678 Paralipomena,
1425 627 1573 678 quibus

227 692 408 731 Tabulae
429 693 560 730 eidem
580 691 702 743 Operi
731 691 891 729 additae
919 688 1187 728 illustrantur.
1244 689 1456 727 Accedunt
1484 688 1574 727 Dis-

227 755 465 793 sertationes
496 754 546 792 de
578 753 641 791 Re
675 751 914 791 Nummaria
944 752 1222 797 Etruscorum,
1250 751 1300 789 de
1330 751 1574 789 Nominibus

228 816 505 862 Etruscorum,
540 821 581 854 et
616 815 747 854 Notae
786 815 827 853 in
868 813 1044 853 Tabulas
1083 814 1357 865 Eugubinas.”
1428 813 1573 858 Lucae,

230 879 343 923 1767,
363 877 430 917 fol.

280 940 426 992 Neque
437 940 503 978 hic
516 940 851 992 praetereundam
864 945 966 991 puto
986 939 1206 977 editionem
1224 939 1573 990 Dempsterianam

228 1002 318 1040 libri
340 1003 390 1041 de
417 1002 523 1041 bello
549 1016 659 1041 sacro
689 1016 811 1054 quem
838 1007 1070 1040 exaraverat
1098 1001 1344 1039 Benedictus
1373 1001 1574 1046 Accoltus‚

224 1064 540 1115 jurisconsultus
584 1064 724 1110 Italus,
768 1064 992 1103 exstinctus
1034 1077 1141 1102 anno
1183 1070 1390 1115 reparatae
1435 1063 1575 1102 salutis

234 1127 358 1166 1466:
398 1127 522 1165 frater
555 1129 641 1178 ejus
676 1127 755 1164 fuit
790 1127 822 1165 F
826 1126 1026 1165 ranciscus
1064 1125 1267 1172 Accostus,
1307 1132 1575 1177 cognomento

227 1189 431 1233 Arefflnus,
453 1188 535 1239 qui,
557 1194 659 1226 teste
681 1187 893 1226 Pancirolo
917 1189 967 1227 de
994 1187 1122 1226 Claris
1151 1188 1309 1239 Legum
1338 1189 1576 1240 Interpreti-

227 1251 310 1296 bus,
331 1264 368 1301 p.
390 1254 480 1295 5201,
501 1250 684 1288 omnium
704 1249 765 1287 sui
787 1249 910 1287 seculi
927 1250 1312 1301 jurisconsultorum
1333 1250 1452 1302 longe
1468 1252 1578 1302 prin-

227 1325 318 1363 ceps
339 1311 500 1349 habitus
521 1317 590 1349 est.
644 1317 664 1334 “
680 1310 892 1349 Benedicti
913 1311 1069 1349 Aecolti
1091 1312 1141 1350 de
1162 1311 1279 1350 Bello
1299 1326 1321 1350 a
1337 1312 1577 1351 Christianis

228 1380 368 1412 contra
389 1374 585 1412 Barbaros
605 1379 728 1425 gest0‚
748 1387 821 1425 pro
842 1373 994 1411 Christi
1015 1373 1207 1425 Sepulcro
1227 1381 1268 1412 et
1288 1374 1313 1411 J
1318 1375 1445 1413 udaea
1465 1389 1577 1414 recu-

229 1436 427 1488 perandis,
447 1435 539 1474 libri
562 1450 645 1474 1111.
704 1435 881 1474 Thomas
901 1435 1179 1487 Dempsterus‚
1199 1435 1235 1474 J.
1256 1436 1299 1474 C.
1321 1436 1426 1475 Baro
1446 1451 1469 1475 a
1485 1429 1586 1475 Mu}

229 1498 318 1536 resk
339 1499 490 1544 Scotus,
511 1512 604 1536 cum
624 1497 712 1536 aliis
732 1498 993 1550 scriptoribus
1010 1497 1186 1544 collatos,
1203 1504 1244 1536 et
1259 1499 1416 1538 mendis
1433 1513 1578 1552 expur-

228 1561 347 1612 gavit,
368 1566 410 1599 et
429 1560 536 1599 notis
556 1574 638 1598 non
655 1559 888 1611 vulgaribus
908 1559 1161 1599 illustravit.”
1202 1560 1444 1608 Florentiae,
1464 1563 1577 1607 1623,

230 1627 308 1660 4t0.
359 1623 472 1661 Haec
488 1623 613 1661 editio
629 1628 794 1661 centum
808 1622 955 1661 abhinc
967 1623 1083 1661 annis
1099 1624 1271 1675 repetita
1287 1630 1348 1662 est
1362 1625 1471 1676 apud
1487 1624 1579 1663 Bel-

229 1698 297 1736 gas
312 1690 398 1723 :—“
414 1684 536 1723 Nunc
551 1685 686 1724 denuo
707 1685 758 1723 ad
778 1684 982 1737 exemplar
1004 1684 1289 1724 Florentinum
1310 1700 1577 1725 cmmcxxlu.

229 1748 278 1785 ab
305 1747 528 1785 innumeris
556 1754 597 1785 et
622 1747 861 1785 foedissimis
887 1748 1044 1786 mendis
1074 1755 1354 1800 expurgatum,
1381 1749 1579 1788 emacula-

232 1809 313 1847 tius
343 1809 594 1848 recudendos
627 1809 781 1847 curavit
814 1809 1018 1848 Henricus
1051 1810 1285 1856 Hofsnider‚
1321 1825 1413 1850 cum
1445 1813 1578 1851 indice

233 1871 327 1909 satis
365 1871 611 1910 luculento.”
683 1871 926 1923 Groningae‚
968 1877 1017 1914 17
1021 1877 1082 1918 31,
1123 1877 1208 1911 8v0.
1278 1873 1403 1912 Hunc
1442 1881 1578 1914 autem

233 1933 576 1980 commentarium,
597 1940 644 1972 ut
664 1934 1053 1986 praestantissimum
1070 1935 1301 1987 Dempsteri
1323 1950 1433 1988 opus,
1450 1951 1581 1989 nuper

233 1995 413 2033 laudavit
438 1995 615 2035 Joannes
642 1996 927 2042 Pinkertonus‚
953 1996 1135 2048 lepidum
1155 2011 1249 2036 sane
1273 2005 1405 2050 caput,
1425 2000 1496 2051 qui
1517 2000 1577 2038 ni-

233 2057 308 2094 mis
323 2056 397 2094 sibi
413 2056 575 2108 placuit.
633 2059 845 2097 Periochas
860 2065 1036 2110 quatuor
1052 2059 1248 2098 librorum
1264 2061 1441 2100 carmine
1461 2062 1582 2114 scrip-

235 2119 287 2157 sit
306 2119 504 2170 Georgius
523 2120 707 2158 Conaeus
727 2121 878 2159 Scotus.

290 2181 467 2218 Patriam
488 2195 651 2232 quoque
670 2182 878 2221 historiam
899 2196 1106 2234 aggressus
1128 2191 1188 2223 est
1209 2185 1474 2237 Dempsterus
1495 2200 1584 2225 nos-

235 2250 307 2288 ter,
327 2256 371 2280 ac
399 2243 449 2280 de
478 2244 596 2281 rebus
621 2244 784 2283 Scoticis
813 2245 942 2283 varios
972 2246 1101 2285 edidit
1127 2246 1296 2293 libellos,
1323 2247 1421 2287 alios
1447 2247 1582 2300 plures

234 2305 428 2351 editurus,
449 2304 525 2344 nisi
546 2304 769 2358 longiorem
791 2307 826 2346 ei
853 2308 978 2347 vitam
1005 2308 1118 2348 Deus
1144 2310 1389 2362 denegasset.
1447 2311 1579 2362 Opera

904 2380 923 2403 c
