1861 2682
562 265 734 297 GENTIS
758 264 1029 302 SCOTORUM,
1054 263 1141 295 LIB.
1168 264 1225 294 VI.
1518 266 1580 297 289

218 371 266 398 so,
293 368 489 397 conversus,
515 358 635 391 mundi
654 369 816 402 pompam
842 369 881 391 ac
906 357 1041 402 generis
1067 358 1122 390 sui
1148 356 1365 400 splendorem
1387 356 1577 400 negligens,

219 416 254 447 in
272 415 435 459 Belgium
453 415 655 459 navigavit:
682 420 717 448 at
742 415 778 447 in
799 418 956 447 sanctum
975 413 1232 456 Capucinorum
1257 413 1431 445 cucullum
1457 423 1493 445 se
1519 413 1577 446 ab·

217 471 312 510 dens,
339 470 436 503 brevi
460 469 615 508 fratrem,
639 471 800 513 opinione
823 470 1027 508 sanctitatis,
1054 470 1097 501 ad
1123 480 1158 501 se
1184 473 1300 501 tamen
1327 468 1370 501 ab
1395 468 1576 501 haereticis

217 527 362 559 missum
380 530 420 558 ut
439 526 517 558 inde
536 526 744 564 extraheret,
761 531 802 559 ut
819 526 966 559 eundem
988 525 1146 558 habitum
1174 525 1343 563 indueret,
1369 524 1518 563 induxit,
1544 530 1578 558 et

216 587 362 624 uterque
392 581 585 613 incredibili
614 580 749 614 fervore
776 582 851 615 Deo
885 581 1102 620 servierunt3
1134 585 1169 613 et
1199 581 1314 613 senior
1347 581 1487 624 quidem
1522 581 1578 614 hic

216 643 333 671 noster
350 648 370 670 a
387 637 545 680 patribus
569 637 652 676 suis,
677 642 711 670 et
734 649 755 671 a
777 643 852 671 tota
875 637 1016 671 ecclesia
1038 636 1158 670 beatus
1182 636 1333 675 habitus,
1359 636 1451 669 diem
1478 636 1578 670 Insu-

216 694 257 726 lis
276 694 312 726 in
330 693 497 726 Flandria
514 693 550 725 in
568 692 721 727 Domino
739 694 874 728 clausit.
925 693 1010 726 Vita
1027 693 1102 738 ejus
1116 704 1227 736 nuper
1244 692 1338 725 edita
1355 692 1420 725 sub
1438 693 1576 726 nomine

216 747 323 782 Alter
342 747 476 782 Alexis
493 753 639 792 prostat,
664 750 722 783 sed
740 762 804 795 ego
822 761 891 783 non
909 750 993 782 vidi.
1044 749 1163 793 Atque
1187 749 1230 783 ab
1253 761 1292 782 eo
1315 759 1398 782 sane
1421 748 1576 782 Thomas

216 805 443 848 Dempsterus
476 804 670 838 subsidium
701 807 843 839 coelitus
878 811 912 839 et
940 806 1029 849 petit
1058 810 1092 839 et
1121 810 1292 848 expectat,
1323 805 1392 838 fuit
1422 805 1514 838 enim
1545 805 1575 837 ei

214 872 275 904 per
302 861 554 905 Bolquhamiae
590 860 751 895 Leslaeos
781 862 1030 901 consobrinus3
1057 862 1194 895 utinam
1220 866 1254 894 et
1279 861 1317 894 in
1343 861 1444 894 coelis
1470 862 1576 894 inter-

214 917 343 950 cessor!
379 916 494 950 Aiunt
512 917 610 949 illum
629 917 726 950 brevi
744 929 765 951 a
782 917 941 951 Romano
959 917 1120 961 pontifice
1138 921 1339 951 sanctorum
1357 918 1436 951 albo
1453 928 1576 963 aggre-

216 974 382 1017 gandum.

262 1029 419 1062 Decessit
436 1029 526 1062 circa
544 1040 673 1063 annum
694 1038 884 1063 MDxevn.

671 1141 987 1175 FRANCISCUS.
1040 1144 1121 1177 527.

214 1254 396 1286 MARTYR
430 1253 647 1292 Franciscus,
681 1253 871 1286 monachus
906 1253 966 1286 SS.
1004 1253 1192 1287 Trinitatis
1225 1265 1290 1298 pro
1324 1255 1575 1298 Redemptione

212 1309 462 1352 Captivorum:
506 1319 583 1342 cum
617 1309 782 1341 haeretici
815 1309 1082 1343 Aberdonenses
1118 1310 1154 1343 in
1189 1311 1440 1344 monasterium
1473 1321 1577 1344 suum

211 1366 342 1398 furioso
370 1365 529 1398 incendio
560 1364 864 1404 debaccharentur,
896 1375 975 1397 cum
1004 1366 1108 1398 vellet
1136 1367 1258 1400 salutis
1287 1368 1480 1406 admonere,
1507 1367 1577 1409 pri-

211 1432 268 1454 mo
286 1421 475 1454 visceribus
499 1419 686 1458 transfixis,
713 1420 837 1453 deinde
861 1431 923 1464 per
947 1421 1077 1466 gradus
1104 1433 1245 1465 corpore
1270 1423 1506 1466 praecipitato,
1534 1423 1577 1455 ad

213 1477 377 1510 ultimum
407 1477 445 1509 in
470 1477 588 1520 ignem
614 1476 735 1509 multis
762 1476 960 1510 confossum
988 1478 1191 1511 vulneribus
1217 1479 1434 1523 injecerunt3
1466 1483 1500 1512 et
1529 1479 1578 1512 sic

212 1534 379 1573 innocens,
412 1532 466 1564 vir
501 1536 654 1571 sanctus,
686 1542 826 1565 eversae
860 1533 1130 1577 eliminataeque
1157 1534 1297 1577 pietatis
1332 1535 1431 1568 testis
1461 1535 1577 1568 verius

212 1599 315 1631 quam
336 1588 475 1626 vindex,
493 1587 604 1620 vitam
623 1588 763 1620 veritati
788 1589 950 1628 reddidit,
979 1590 1159 1624 meliorem
1182 1600 1262 1624 cum
1283 1602 1323 1624 ea
1346 1596 1578 1625 commutatu-

213 1656 283 1677 rus·
330 1643 509 1677 Gilbertus
528 1642 683 1676 Brunus.

260 1700 389 1733 Passus
407 1703 460 1733 est
477 1709 570 1732 anno
589 1707 737 1732 MDLIX.

585 1812 858 1847 DUNCANUS
885 1813 1068 1847 FERNE.
1120 1817 1201 1848 528.

213 1925 439 1958 DUNCANUS
460 1925 573 1958 Ferne
591 1924 725 1964 Scotus,
744 1926 805 1958 diu
824 1925 969 1959 Parisiis
987 1926 1094 1960 bonas
1112 1932 1204 1960 artes
1221 1927 1408 1971 professus,
1427 1930 1577 1964 maxime

214 1981 480 2024 philosophiam,
499 1987 534 2014 et
551 1981 657 2014 ditior
674 1980 798 2020 factus,
817 1981 951 2016 scholas
970 1983 1134 2022 nationis,
1152 1983 1339 2027 impetrato
1352 1996 1373 2018 a
1385 1996 1466 2031 rege
1483 1992 1577 2020 certo

215 2048 330 2075 censu,
349 2037 482 2080 primus
501 2037 687 2080 reparavit.
735 2037 862 2070 Rober.
882 2038 1088 2084 Conglettus
1106 2039 1143 2072 in
1161 2039 1375 2084 Compendio
1393 2042 1577 2088 Privilegi-

215 2104 313 2126 orum
329 2093 548 2125 Academiae.
590 2092 716 2126 Postea
730 2094 850 2126 doctor
865 2093 1040 2129 Sorbonae
1054 2101 1201 2135 creatus,
1219 2108 1356 2131 summa
1372 2099 1576 2133 eruditionis

216 2151 377 2192 opinione
397 2149 496 2181 vixit.
549 2148 639 2192 Ejus
658 2154 757 2181 sunt:

359 2204 417 2237 Ad
435 2203 568 2249 Regem
587 2215 650 2247 pro
667 2203 857 2238 Academia
1100 2208 1160 2241 lib.
1180 2218 1204 2242 1.

361 2260 403 2293 In
421 2259 599 2303 Epistolas
618 2259 662 2292 D.
686 2260 784 2293 Pauli
803 2271 921 2294 omnes
1099 2264 1180 2297 libri
1209 2266 1312 2300 multi
1341 2266 1444 2301 MSS.
1468 2267 1504 2300 in
1529 2268 1578 2301 bi-

407 2316 577 2350 bliotheca
597 2315 631 2349 S.
651 2315 804 2350 Victoris
822 2308 967 2357 ibidem,
979 2323 1020 2352 ut
1037 2319 1072 2352 in
1090 2320 1212 2354 indice.
