1861 2682
238 244 299 277 196
610 244 834 276 HISTORIA
858 242 1220 274 ECCLESIASTICA

239 347 282 368 ne
308 336 467 378 episcopi,
493 336 553 378 qui
574 340 649 368 tum
673 335 872 371 decesserat,
896 338 957 365 aut
983 334 1098 365 verius
1124 333 1233 375 ipsius
1259 333 1359 371 sedis,
1385 334 1420 365 in
1447 336 1588 368 concilio

237 392 335 430 sedit,
354 392 408 423 vir
425 391 609 435 singularis
627 389 841 428 eruditionis,
861 392 895 421 et
913 399 1066 421 summae
1084 388 1340 427 moderationis,
1362 399 1424 421 nec
1447 389 1588 422 minoris

237 447 459 491 integritatis.
511 445 655 488 Scripsit

382 502 512 534 Contra
530 501 771 533 Schismaticos
1246 499 1306 531 lib.
1326 507 1350 531 1.

380 557 438 590 Ad
456 557 647 589 Concilium
666 555 930 589 constantiense
1033 591 1035 593 ,
1244 555 1303 588 lib.
1324 563 1348 587 1.

379 613 449 646 Pro
467 624 548 645 vero
567 612 660 654 Papa
1243 611 1301 644 lib.
1323 620 1347 643 1.

282 668 432 702 Vivebat
465 678 555 700 anno
590 674 870 699 mccccxxxlx.
907 665 1002 699 Haec
1035 676 1077 698 ex
1110 665 1244 699 Joanne
1274 666 1392 699 Lundi
1426 669 1588 701 canonico

235 724 470 757 Brechinensi.

535 816 773 850 ANDREAS
799 816 1147 850 CRICHTONIUS.
1198 819 1278 851 354.

234 891 430 923 ANDREAS
448 890 681 928 erichtonius,
700 889 832 922 familia
849 889 1065 922 Ennernetia
1082 889 1119 921 in
1136 890 1255 932 paucis
1278 889 1384 923 nobili
1409 895 1516 929 ortus,
1542 893 1588 924 la-

234 947 370 979 boriosa
388 947 462 979 vita
480 947 582 979 toties
603 945 745 988 Europa
763 947 922 984 lustrata,
941 946 994 978 vir
1008 946 1149 988 probus.
1181 945 1335 989 Scripsit,
1354 950 1432 989 post
1450 947 1588 979 tertiam

235 1003 409 1035 custodiae
428 1002 768 1034 Scotico-haereticae
786 1002 1026 1040 constantiam,

376 1057 551 1100 Excerpta
569 1069 611 1090 ex
629 1057 777 1090 Psalmis
796 1057 838 1090 ad
857 1057 1124 1090 consolationem
1142 1056 1348 1090 afflictorum
1390 1058 1449 1091 lib.
1471 1068 1493 1090 1.

377 1113 499 1146 Preces
516 1115 636 1157 lingua
655 1114 838 1145 vernacula
1391 1114 1449 1147 lib.
1470 1124 1493 1146 Ι.

280 1169 380 1203 Vivit
406 1171 442 1202 in
475 1170 596 1214 Belgio
626 1169 669 1201 ad
692 1169 736 1201 D.
763 1169 920 1214 Virginis
947 1169 1186 1208 Montisacuti,
1215 1170 1371 1212 speratis,
1397 1177 1431 1203 et
1458 1170 1587 1203 Romae

232 1227 421 1269 promissis,
439 1226 637 1259 sacerdotiis
656 1236 830 1258 excussuS.

582 1336 740 1370 DAVID
767 1335 1104 1369 CAMERARIUS.
1156 1338 1236 1370 355.

233 1450 368 1482 DAVID
388 1450 619 1487 Camerarius,
638 1460 698 1481 scu
716 1448 888 1486 ChaImer,
907 1448 1063 1481 sacerdos
1083 1447 1294 1486 catholicus,
1317 1448 1461 1491 antiqua
1479 1453 1512 1481 et
1530 1460 1589 1482 110-

233 1507 293 1539 bili
313 1506 468 1538 Fintriae
486 1505 628 1543 familia,
652 1505 707 1537 vir
732 1505 860 1548 insigni
884 1505 1075 1543 literatura,
1100 1503 1229 1536 Graece
1252 1508 1286 1536 et
1309 1503 1434 1536 Latine
1458 1505 1588 1543 doctus,

234 1563 307 1595 vita
325 1562 513 1594 continenti
533 1572 571 1593 ac
589 1561 841 1604 probatissimis
859 1561 1024 1599 moribus,
1044 1560 1079 1592 in
1099 1559 1232 1598 Galliis,
1252 1559 1445 1603 Hispaniis,
1472 1559 1589 1593 Italia-

235 1629 300 1660 que
326 1618 386 1649 diu
410 1622 577 1654 versatus,
602 1627 727 1660 magna
752 1616 938 1648 modestiae
962 1622 995 1648 et
1020 1616 1231 1660 integritatis
1257 1616 1349 1659 apud
1375 1626 1493 1649 omnes
1517 1616 1589 1658 opi-

237 1674 350 1706 nione.
401 1672 545 1715 Scripsit
564 1674 749 1715 pleraque3
777 1673 813 1704 in
833 1672 887 1704 his
905 1676 956 1704 est

378 1728 557 1772 Lysander
575 1733 608 1762 et
627 1728 760 1760 Lucina
1075 1727 1133 1760 lib.
1154 1736 1178 1760 1.
1206 1727 1346 1760 Poetica
1362 1727 1508 1760 historia
1526 1729 1589 1759 ele-

426 1785 641 1828 gantissima,
662 1795 730 1826 qua
748 1784 840 1816 vitae
858 1784 1058 1826 spiritualis,
1074 1784 1314 1826 speculativae,
1329 1788 1367 1816 ut
1386 1784 1587 1826 loquuntur,

429 1846 461 1873 et
486 1841 627 1878 activae,
651 1840 816 1882 perfectio
843 1840 1060 1878 continetur,
1091 1843 1125 1871 et
1148 1839 1251 1871 habet
1277 1849 1441 1872 excursus
1467 1849 1589 1871 venus-

426 1897 587 1929 tissimus.

379 1953 421 1985 In
439 1952 504 1984 Jus
524 1952 736 1984 Canonicum
755 1952 871 1994 aliqua
1152 1950 1209 1982 lib.
1230 1959 1254 1982 Ι.

282 2010 381 2043 Vivit
400 2009 541 2046 Romae,
560 2008 691 2050 patriae
710 2006 931 2044 necessarius,
951 2006 1110 2039 omnibus
1128 2006 1220 2038 vitae
1238 2006 1437 2051 integritate
1456 2017 1565 2039 carus.

573 2117 802 2150 JOANNES
828 2117 1115 2151 COLVILLUS.
1167 2117 1247 2150 356.

235 2231 421 2264 JOANNES
452 2230 630 2268 Colvillus,
660 2229 874 2262 nobilissimo
904 2230 976 2262 loco
1003 2234 1118 2268 natus,
1153 2230 1332 2274 religiosae
1361 2230 1397 2262 in
1431 2231 1589 2262 comitem

236 2287 482 2322 Bothwellium
522 2285 770 2323 observantiae,
810 2285 906 2317 illum
947 2297 967 2318 a
1007 2296 1086 2329 rege
1126 2286 1355 2329 proscriptum
1391 2286 1425 2318 in
1461 2285 1589 2317 Gallias
