1861 2682
337 337 626 377 SYLLABUS
656 336 865 376 RERUM
896 336 1390 377 MEMORABILIUM:

222 408 258 443 A
278 419 346 454 quo
362 408 394 442 .ςὶ
411 407 549 442 nomina
559 408 715 455 propria
731 407 918 454 alfioerint,
943 419 985 442 ea
1002 407 1125 442 ordine
1141 408 1358 454 alphabetico
1375 407 1411 442 in
1429 409 1503 442 suis

622 475 780 510 quaeque
797 462 898 498 libris
914 462 1093 509 requirito.

156 552 184 578 S.
203 550 347 578 Amin-rs
366 550 523 587 episeopus,
543 550 645 578 missu:
666 549 702 578 ad
724 549 765 577 in-

189 596 348 624 stituendos
364 596 476 633 Anglos

154 643 182 671 S.
201 642 387 675 Aemilianus,
409 643 558 680 episcopus
579 642 764 676 Faventinus,

188 695 217 718 et
231 689 293 726 ejus
307 689 442 716 miracula

155 737 183 764 S.
199 735 348 767 Alcuinus,
369 735 465 772 magni
481 735 576 763 Caroli
590 740 765 772 praeceptor,

187 782 288 810 fundat
304 781 490 809 Academiam
506 781 696 809 Parisiensem

157 828 185 856 S.
200 828 346 856 Adrianus
360 833 478 865 martyr,
499 827 612 855 Siciliae
626 827 765 864 princeps,

196 875 224 903 S.
241 874 396 903 Geresinae
415 874 530 911 reginae
550 873 589 901 fil.
602 874 631 901 S.
644 873 765 901 Ursulae

192 920 384 954 consobrinus,
401 921 430 948 S.
445 920 550 948 Dariae
565 929 661 958 nepos,
676 919 715 947 ibi
729 919 765 947 de

187 977 221 995 eo
234 967 325 995 multa
338 967 424 1004 digna
587 987 594 994 .
671 987 678 993 .

152 1015 181 1042 S.
197 1014 303 1046 Aurea,
323 1013 394 1050 virg.
415 1019 443 1041 et
461 1018 579 1065 martyr,
598 1021 679 1040 soror
698 1011 766 1039 dicti

190 1061 218 1088 S.
236 1059 358 1088 Adriani

153 1105 285 1143 Argobas
287 1110 341 1138 tus,
357 1114 493 1142 magnum
508 1103 620 1132 scotiae
634 1103 731 1132 lumen
757 1123 765 1131 .

153 1153 181 1180 S.
190 1151 341 1184 Albuinus‚
358 1150 421 1178 abb.
436 1150 605 1178 Monasterii
617 1150 677 1183 Hii,
689 1149 766 1187 quod

187 1203 230 1225 est
244 1201 328 1234 capnt
342 1196 468 1224 omnium
481 1195 682 1224 coenobiorum
699 1196 765 1224 Sco-

188 1244 245 1271 tiae
414 1263 421 1269 .

152 1291 180 1318 S.
196 1289 352 1321 Antonina‚
368 1288 448 1325 virgo
466 1287 608 1316 Ursulana

151 1338 179 1364 S.
195 1335 320 1369 Aurelia,
334 1335 416 1372 virgo
439 1334 589 1367 Ursulana,
611 1343 668 1362 non
682 1343 765 1372 passa

185 1392 249 1409 cum
264 1382 334 1415 aliis,
349 1381 399 1409 sed
412 1386 512 1418 postea

150 1430 178 1457 S.
191 1428 352 1461 Ammius,
366 1427 431 1455 vide
446 1427 485 1455 ibi
499 1427 534 1455 de
548 1437 582 1455 eo
596 1426 686 1455 multa
700 1427 748 1455 fol.

150 1475 295 1502 Adrianus
308 1475 362 1503 IV.
378 1474 513 1502 Pontifex
525 1474 606 1502 Max.
616 1473 761 1502 anonnul-

186 1521 220 1548 lis
234 1521 359 1548 creditur
375 1520 475 1547 Scotus
490 1520 605 1547 natione

150 1567 289 1600 Avienus,
300 1566 452 1600 Henricus,
465 1567 577 1594 Bonon.
584 1565 696 1603 publice
705 1575 763 1594 me-

188 1613 309 1641 dicinam
324 1612 420 1640 docuit

150 1659 276 1687 Achaius
291 1669 343 1686 rex
360 1658 471 1686 Scotiae
486 1667 551 1685 cum
564 1657 679 1695 regibus
696 1657 764 1687 Gal-

186 1706 239 1733 liae
254 1711 422 1743 perpetuum
436 1704 536 1732 foedus
550 1704 660 1742 pepigit

149 1752 196 1780 Jo.
221 1752 317 1780 Adam
342 1751 546 1779 Dominicanus
571 1751 680 1788 primus
704 1750 762 1778 lau-

186 1808 262 1826 ream
277 1798 451 1825 doctoralem
465 1797 592 1834 percepit

152 1844 237 1872 Adda
252 1844 401 1882 presbyter
416 1844 529 1881 Anglos
543 1843 579 1872 ad
595 1843 681 1871 fidem
699 1853 763 1881 per-

187 1891 265 1918 ducit
328 1911 335 1918 .
670 1911 677 1917 .

152 1936 340 1973 Adennlphus
354 1936 398 1964 ab.
412 1941 441 1964 et
455 1911 604 1964 cardinalis

152 1983 320 2020 Arnnlphus
341 1982 384 2010 ab.
404 1983 505 2011 missus
527 1983 564 2011 ad
579 1983 700 2010 Lucium
714 1992 762 2020 pa-

188 2039 253 2066 pam
586 2050 592 2057 .
670 2050 677 2057 .

153 2075 327 2107 Alexander,
350 2074 429 2101 ducis
449 2073 588 2102 Albaniae
608 2075 706 2108 frater,
734 2080 763 2103 et

189 2121 264 2149 Abb.
281 2121 401 2154 scotiae,
417 2120 496 2149 Julio
514 2121 554 2148 II.
568 2131 648 2148 carus

153 2168 266 2195 Aeneas
283 2167 406 2205 Sylvius,
429 2167 534 2194 Pontis.
549 2167 629 2194 Max.
648 2167 699 2194 sub
714 2177 763 2195 no-

188 2214 263 2242 mine
280 2214 325 2242 Pii
338 2214 378 2242 11.
393 2213 513 2251 scriptor
527 2223 622 2241 rerum
639 2213 762 2242 Scotica-

745 605 809 633 pag.
823 597 841 623 8

758 689 842 716 ,lo

756 781 841 808 ,13

804 965 841 992 {3

804 1058 841 1131 ee

756 1242 841 1268 ,29

757 1289 841 1315 ‚30

755 1381 838 1408 ‚31

802 1428 838 1454 31

754 1520 839 1548 ‚34

755 1613 840 1639 ,36

756 1705 840 1732 ,36

755 1797 838 1824 .37

756 2030 840 2057 ,40

756 2122 840 2149 .4o

912 559 976 576 rum
1054 570 1061 577 .
1482 573 1488 578 .
1529 553 1566 578 33

876 595 997 623 Arthuii
1018 596 1093 633 regis
1115 595 1279 633 Anglorum
1298 571 1392 634 nugae
1410 597 1489 625 fabu-

912 641 989 669 losae
1483 646 1566 672 ,313

875 687 1024 716 Arbores'
1018 698 1047 715 m
1063 688 1158 716 scotia
1172 689 1361 726 producentes
1375 700 1488 718 anseres
1509 692 1564 719 321

876 734 1198 769 Aecursi11s‚Bart01us,
1218 736 1317 770 Jason,
1337 741 1365 764 et
1381 737 1490 765 Baldus

911 781 1008 818 legum
1022 792 1123 819 corpus
1138 782 1393 819 coinquinaverunt
1480 805 1486 812 .
1507 786 1562 813 417

877 828 905 855 S.
921 827 1045 864 Agatha,
1065 829 1093 855 S.
1107 828 1265 856 Salomonis
1276 829 1314 856 fil.
1331 830 1359 857 S.
1374 830 1489 867 Marga-

912 879 990 901 retae
1004 874 1119 910 reginae
1134 880 1232 907 mater,
1248 875 1378 903 monialis
1478 897 1484 903 .
1529 878 1564 904 47

875 919 924 947 An
941 920 1019 947 Seoti
1033 924 1062 947 et
1078 920 1201 948 Hiberni
1216 931 1246 949 re
1261 921 1394 949 differant
1482 944 1489 950 .
1530 924 1566 951 45

875 966 1045 1004 Anonymus
1085 967 1237 995 historicus
1274 968 1489 997 fecundissimae

911 1022 1064 1041 memorlae
1227 1035 1234 1041 .

875 1059 1045 1096 Anonymus
1060 1064 1146 1096 poeta
1159 1060 1283 1097 eleganti
1298 1060 1422 1089 carmine
1441 1062 1488 1089 de-

911 1105 1004 1142 plorat
1037 1105 1198 1134 luctuosmn
1231 1106 1341 1134 obitum
1376 1108 1487 1136 Marlae

915 1152 1046 1179 Stuartae
1060 1152 1176 1189 reginae
1395 1174 1402 1181 .
1481 1175 1487 1181 .

875 1197 951 1226 Vide
965 1198 1051 1225 etiam
1141 1219 1148 1225 .
1227 1219 1233 1226 .
1312 1220 1319 1226 .
1396 1221 1403 1227 .
1481 1222 1488 1228 .
1528 1203 1566 1227 58

874 1242 1007 1271 Andreas
1014 1243 1151 1277 Aidaeus,
1157 1244 1312 1273 commilito
1322 1245 1485 1283 Dempstei
1479 1257 1487 1274 1

874 1288 965 1325 Angli
989 1289 1090 1326 reguli,
1112 1290 1205 1317 missis
1229 1291 1265 1318 ad
1283 1301 1366 1328 reges
1387 1293 1487 1321 Scotos

910 1334 1020 1371 legatis,
1042 1334 1171 1363 obtinent
1191 1336 1322 1365 doctores
1340 1338 1375 1365 ad
1395 1339 1488 1366 erudi-

911 1381 998 1409 endos
1013 1381 1134 1418 populos
1482 1406 1489 1412 .
1513 1387 1565 1413 153

874 1426 1040 1455 Alexander
1063 1428 1193 1462 Setonus,
1218 1429 1339 1467 scriptor
1357 1431 1488 1468 optimus,

909 1479 939 1501 et
952 1474 997 1501 vir
1011 1474 1144 1511 egregius

1481 1499 1487 1505 .
1508 1479 1554 1505 59·

875 1519 1007 1548 Andreas
1021 1520 1178 1554 Marianus,
1194 1521 1238 1548 vir
1251 1522 1379 1550 eruditus
1481 1525 1560 1550 ,17

1547 1480 1564 1551 zm

876 1612 905 1640 S.
924 1613 1119 1641 Bunmmcs
1138 1613 1296 1652 episcopus,
1312 1620 1342 1643 et
1357 1615 1418 1653 ejus
1437 1617 1488 1643 mi-

912 1659 1007 1687 racula
1055 1681 1062 1688 .

876 1705 904 1733 S.
924 1705 1033 1739 Babila,
1053 1706 1134 1743 viigo
1141 1681 1318 1740 ΗΥ511111113,
1327 1707 1402 1744 regis
1420 1708 1488 1736 Sici-

911 1751 965 1779 liae
979 1752 1038 1779 filia
1224 1774 1231 1780 .
1310 1774 1316 1781 .
1480 1776 1486 1782 .

875 1797 904 1825 S.
916 1798 997 1826 Beda
1007 1798 1185 1832 venerabilis,
1197 1809 1233 1826 an
1247 1800 1355 1832 Scotus,
1368 1800 1412 1828 vel
1425 1801 1487 1828 An-

910 1844 984 1881 glus,
998 1844 1063 1872 vide
1078 1844 1117 1872 ibi
1131 1845 1220 1873 multa

876 1890 905 1918 S.
932 1891 1097 1918 Bonifacius
1128 1891 1303 1926 Queritinus,
1334 1902 1370 1920 an
1399 1893 1487 1921 fuerit

914 1937 1050 1964 Pontifex
1066 1937 1213 1965 Romanus

877 1983 905 2011 S.
920 1983 1028 2010 Blanns
1043 1984 1199 2021 episcopus,
1222 1985 1335 2022 quando
1350 1991 1441 2019 natus,
1456 1992 1485 2014 et

912 2039 984 2066 qnae
997 2030 1133 2057 miracula
1147 2031 1176 2058 in
1190 2031 1250 2068 ejus
1265 2036 1331 2059 ortu
1393 2053 1400 2060 .
1479 2054 1485 2060 .
1526 2035 1561 2059 77

875 2076 904 2104 S.
918 2077 1033 2104 Bronus
1054 2077 1202 2115 episcopus
1223 2078 1357 2106 miraculo
1377 2079 1405 2106 S.
1421 2079 1486 2106 Bri-

911 2123 995 2160 gidae
1009 2133 1025 2150 a
1039 2123 1179 2152 calumnia
1192 2124 1329 2152 liberatur

876 2169 903 2197 S.
920 2169 1088 2198 Brendanus
1102 2171 1189 2199 trium
1203 2171 1323 2200 millium
1337 2172 1486 2200 monacho-

912 2225 975 2243 rum
989 2222 1070 2253 pater
1140 2238 1146 2244 .
1225 2239 1231 2245 .
1311 2239 1317 2245 .
1396 2240 1402 2245 .
1481 2240 1487 2245 .
1526 2220 1557 2245 81
