1861 2682
619 263 789 295 GENTIS
812 263 1084 301 SCOTORUM‚
1111 265 1197 297 LIB.
1224 266 1267 297 Il.
1587 271 1629 302 99

315 352 395 386 Alio
413 364 515 388 sensu
532 353 554 388 J
557 355 733 390 oachimus
750 355 899 390 Wolfius
917 356 1112 391 Germanus
1130 358 1205 402 eius
1223 357 1421 393 facundiam
1439 360 1585 394 extulit:

558 449 696 478 Excultas
709 455 782 478 artes
797 459 886 488 nuper
900 450 957 478 sola
973 450 1045 479 Itala
1058 451 1144 480 telius

597 495 644 523 Cis
658 495 748 533 Alpes
761 496 852 534 patrio
865 502 908 524 est
921 505 989 524 ausa
1003 501 1099 526 tenere
1113 498 1179 525 solo.

558 541 613 569 Sed
628 541 712 569 simul
725 541 835 580 imperii
850 542 980 570 transivit
994 542 1090 580 gloria,
1107 543 1208 572 Musae

599 587 747 615 Mutarunt
761 588 850 622 sedes,
864 588 1072 626 eloquiumque,
1087 599 1169 618 suas:

557 632 686 670 Occupat
701 634 751 662 has
766 633 873 662 Hector
887 634 997 663 boreale
1011 635 1147 664 Boethius
1160 645 1215 668 ora,

595 679 784 717 Captivasque
797 690 848 708 sua
862 680 914 709 sub
927 680 1034 709 ditione
1048 686 1136 710 tenet.

560 723 592 751 In
608 724 729 753 Scotiam
743 726 766 754 si
781 726 820 754 sic
834 727 1067 764 transmigravere
1081 728 1245 761 Camoenae,

595 769 679 799 Forte
693 771 759 800 olim
774 772 885 810 imperii
899 778 1008 811 sceptra
1022 773 1103 802 beata
1118 774 1239 802 trahent.

311 856 471 891 Hectoris
489 868 571 891 vero
589 859 698 892 nostri
716 858 800 893 haec
817 859 888 893 fere
905 860 1080 904 publicata
1097 866 1190 900 sunt,
1216 873 1277 896 nec
1300 869 1417 898 tamen
1441 867 1556 900 omnia
1581 869 1622 900 ad

261 923 322 944 nos
341 919 595 956 pervenerunt:

407 968 594 1015 Catalogus
612 969 750 1015 Regum
767 970 902 1005 Scotiae
1279 975 1337 1009 lib.
1359 985 1383 1009 1.

405 1024 601 1068 Descriptio
619 1025 733 1071 Regni
752 1026 886 1061 Scotiae
1278 1031 1337 1065 lib.
1358 1041 1380 1065 1.

403 1081 606 1115 Paraenesis
634 1082 677 1115 de
712 1082 893 1117 Scotorum
922 1083 1044 1127 priscis
1074 1087 1285 1122 recentibus-

428 1161 431 1165 ,
449 1148 516 1180 que
535 1137 713 1172 Institutis
730 1143 765 1172 et
783 1139 943 1174 Moribus
1276 1144 1334 1178 lib.
1357 1154 1380 1178 1.

402 1192 571 1225 Recensio
597 1193 640 1226 de
669 1193 765 1228 Serie
794 1194 944 1241 Regum,
970 1208 1009 1231 ac
1036 1197 1286 1233 vicissitudine

448 1246 681 1291 Imperiorum
699 1249 915 1290 Britanniae,
1276 1256 1334 1289 lib.
1355 1266 1378 1290 1.

399 1302 597 1348 Regionum
624 1309 659 1337 et
681 1304 901 1349 Oppidorum
925 1318 988 1351 per
1011 1313 1120 1342 totam
1144 1309 1285 1345 Britan-

449 1360 542 1393 niam
561 1365 679 1394 vetera
696 1366 731 1395 et
748 1371 839 1395 nova
857 1361 1010 1397 Nomina
1274 1368 1332 1401 lib.
1354 1378 1377 1402 1.

401 1415 580 1450 Historiae
598 1415 752 1451 Scoticae
1276 1423 1334 1457 lib.
1356 1433 1455 1458 xvn.

399 1470 569 1515 Ejusdem
588 1472 767 1507 Historiae
784 1474 843 1508 lib.
865 1482 906 1508 11.
926 1475 1036 1509 additi
1055 1487 1076 1510 a
1094 1476 1265 1513 Feri-erio.

399 1527 454 1560 De
472 1527 766 1573 Navigationibus
1275 1537 1333 1570 lib.
1354 1546 1378 1570 1.

400 1582 703 1618 Aberdonensium
721 1585 930 1621 Pontificum
951 1586 1078 1623 Vitae:
1098 1590 1148 1624 ita
1165 1591 1238 1635 ipse
1257 1598 1357 1627 vocat
1375 1593 1432 1627 lib.
1451 1604 1505 1629 lx.
1527 1595 1619 1629 Hist.

445 1649 525 1684 pag.
545 1648 708 1675 CCXLVI.

397 1694 580 1729 Sermones
598 1701 632 1730 et
649 1695 818 1731 Lecturae
1274 1706 1332 1739 lib.
1354 1715 1377 1739 1.

397 1750 582 1785 Orationes
1276 1762 1334 1795 lib.
1355 1772 1378 1795 1.

397 1806 577 1850 Epistolae
595 1809 910 1853 eloquentissimae,
928 1812 977 1845 ait
996 1812 1156 1854 Balaeus,
1273 1818 1331 1851 lib.
1354 1827 1377 1851 1.

304 1862 334 1894 N
339 1873 380 1895 on
399 1873 539 1905 possum
559 1865 708 1899 transire
725 1876 863 1901 carmen
880 1867 1002 1902 Jodoci
1020 1869 1124 1904 Badii
1144 1871 1303 1906 Aseensii
1318 1884 1325 1906 :

546 1933 699 1963 Hectoreas
713 1941 786 1964 artes
800 1938 848 1974 qui
864 1938 951 1966 Marti
966 1939 1110 1976 adjudicat
1123 1951 1228 1975 omnes,

588 1980 682 2013 Errat,
697 1986 727 2010 et
740 1988 784 2011 est
798 1983 878 2012 Clius
894 1984 1002 2013 Hector
1015 1986 1061 2014 hie
1075 1992 1135 2016 arte
1148 1994 1255 2025 potens.

546 2025 659 2055 Scilicet
672 2027 813 2061 historiae,
830 2029 951 2068 Livique
965 2031 1049 2060 decus
1066 2033 1203 2066 Patavini,

583 2071 742 2110 Lacteaque
757 2075 792 2102 ad
807 2075 902 2104 Scotos
916 2078 1063 2107 transtulit
1077 2079 1195 2116 eloquia.

304 2141 436 2174 Ferunt
464 2153 533 2175 non
556 2144 774 2179 mediocriter
799 2147 958 2192 adjutum
985 2161 1005 2183 a
1030 2153 1180 2195 quodam
1208 2155 1339 2189 medico
1366 2155 1616 2198 Aberdonensi,

255 2197 457 2238 praesertim
475 2198 511 2231 in
531 2199 678 2232 texenda
697 2199 865 2236 Historia.

303 2252 466 2287 Florebat
491 2259 525 2287 et
551 2255 722 2289 scribebat
748 2268 839 2292 anno
867 2268 1044 2296 MDXXVI.
1071 2267 1210 2308 quando
1236 2268 1370 2307 obierit,
1398 2281 1465 2303 non
1494 2272 1615 2313 reperi.

256 2308 356 2341 Illum
391 2320 472 2343 sane
506 2309 677 2356 Georgius
712 2311 946 2350 Buchananus
980 2318 1117 2363 oblique
1152 2324 1368 2368 perstringit,
1401 2336 1438 2357 ac
1469 2326 1613 2359 subinde
