1861 2682
207 245 270 274 332
580 245 806 277 HISTORIA
829 245 1194 277 ECCLESIASTICA

355 337 397 370 In
417 337 615 370 universam
635 337 836 370 Aristotelis
855 337 1117 380 Philosophiam
1135 337 1410 372 Commentarios
1462 341 1520 373 lib.
1542 351 1564 373 1.

258 392 358 426 Vivit
373 393 485 426 adhuc
498 393 623 426 ultima
636 397 783 431 senecta,
797 393 993 426 studiorum
1008 394 1142 426 labores
1159 393 1313 436 quotidie
1330 405 1513 437 passurus3
1534 401 1567 429 et

209 460 300 482 anno
330 449 499 493 superiori
529 454 644 491 patres
672 449 858 487 societatis,
894 459 972 481 curn
1004 448 1165 482 Lutetiae
1196 448 1351 492 Lyceum
1381 462 1422 483 ex
1457 452 1567 485 edicto

209 505 300 548 regis
328 505 556 548 aperuissent,
584 505 772 549 magnique
800 505 964 547 penderet
991 505 1032 537 de
1060 505 1258 537 doctoribus
1283 505 1422 539 illorum
1448 518 1566 550 expec-

210 561 306 599 tatio,
325 561 499 594 neminem
517 571 556 593 eo
573 561 742 604 aptiorem
760 560 963 605 theologicis
986 561 1112 594 studiis
1130 561 1361 601 invenerunt3
1389 564 1490 605 quale
1508 564 1566 597 ille

208 617 336 649 iterum
351 617 508 661 juvenile
526 617 681 649 studium
700 617 931 660 ingressurus,
951 616 1111 649 omnibus
1131 617 1394 650 admirationem
1414 620 1467 652 sui
1486 620 1564 653 reli-

207 673 294 716 quit.

463 783 681 816 JACOBUS
707 782 995 815 GORDONIUS
1021 791 1170 815 ALTER.
1225 781 1305 817 623.

205 896 381 930 JACOBUS
406 896 604 930 Gordonius
634 897 732 934 alter,
760 906 801 928 ex
827 895 960 928 familia
985 895 1182 934 Lesmorea‚
1209 896 1363 940 ejusdem
1392 898 1565 931 societatis

206 953 394 996 presbyter,
415 954 493 996 pius
512 957 546 985 et
564 953 695 991 doctus,
716 963 785 984 non
803 956 919 985 tamen
938 952 1072 994 aequali
1090 952 1127 984 in
1144 952 1294 994 patriam
1313 953 1458 993 affectu3
1483 965 1564 986 nam

205 1020 283 1042 cum
301 1010 338 1042 in
356 1009 591 1053 Chronologia
609 1020 671 1042 sua
689 1019 789 1051 saepe
813 1009 854 1040 de
880 1008 1023 1040 Scoticis
1048 1008 1151 1041 rebus
1175 1018 1254 1041 vere
1278 1009 1373 1052 loqui
1395 1010 1564 1053 potuisset

205 1070 238 1098 et
255 1066 443 1109 splendide,
465 1070 578 1098 tacere
597 1065 731 1103 maluit,
751 1075 861 1107 neque
880 1065 972 1097 enim
997 1065 1107 1097 ullum
1131 1065 1173 1097 de
1196 1065 1295 1109 regni
1318 1066 1484 1099 nostratis
1508 1077 1565 1099 ex-

204 1122 301 1154 ordio
319 1122 464 1155 verbum
489 1123 580 1165 apud
604 1122 724 1159 illum3
753 1120 821 1153 fuit
839 1127 955 1153 tamen
973 1131 1121 1164 magnus
1148 1121 1213 1160 vir,
1239 1132 1301 1154 seu
1327 1122 1564 1165 philosophica

204 1189 265 1210 seu
294 1178 490 1222 theologica
516 1182 709 1221 spectemus
740 1177 866 1210 studia.
932 1177 1146 1209 Tolosanum
1177 1178 1351 1211 societatis
1381 1178 1562 1222 collegium

204 1239 238 1267 et
263 1234 355 1266 rexit
379 1234 579 1276 prudenter,
605 1238 639 1266 et
671 1244 775 1266 censu
805 1233 904 1266 auxit
930 1232 1099 1270 felic-item
1129 1244 1168 1266 ac
1196 1237 1316 1276 postea
1345 1233 1563 1266 Pictaviense

204 1291 319 1328 semel,
337 1289 597 1333 Burdegalense
616 1290 755 1327 iterum,
772 1289 889 1321 eodem
904 1299 1065 1321 successu
1082 1289 1137 1332 pie
1155 1289 1426 1322 administravit.
1478 1288 1563 1321 Edi-

204 1346 255 1379 dit
273 1346 394 1384 multa,
413 1346 472 1378 sed
491 1346 533 1378 ad
552 1356 606 1378 me
625 1350 762 1378 tantum
782 1349 952 1377 venerunt

348 1401 601 1445 chronologiae
620 1403 783 1434 volumen
846 1410 870 1433 Ι.

348 1457 602 1501 Chronologiae
621 1458 783 1489 volumen
834 1465 875 1488 11.

347 1513 390 1546 In
408 1514 524 1546 onmia
542 1514 586 1546 D.
607 1513 764 1546 Thomae
783 1513 900 1556 Opera
918 1512 1112 1555 theologica
1129 1511 1363 1545 Commentar.
1385 1512 1486 1546 MSS.

348 1569 390 1602 In
409 1570 607 1602 universam
627 1569 830 1601 Aristotelis
850 1568 1111 1610 Philosophiam
1132 1568 1366 1601 Commentar.
1386 1569 1487 1602 MSS.

248 1626 350 1660 Vivit
367 1625 479 1658 adhuc
497 1626 534 1658 in
552 1625 685 1664 Galliis,
706 1629 740 1657 et
757 1626 858 1667 plura
875 1624 1074 1657 aeternitati
1092 1625 1321 1657 consecranda
1338 1626 1511 1668 procudit.

548 1736 776 1770 JOANNES
802 1735 1080 1770 GORDONUS.
1133 1734 1213 1769 624.

202 1851 224 1883 J
228 1858 389 1883 OANNES
412 1849 596 1882 Gordonus
620 1849 727 1882 bonas
751 1855 842 1882 artes
864 1848 1018 1881 studiose
1040 1848 1077 1881 in
1103 1847 1225 1881 Galliis
1251 1849 1383 1888 didicit,
1411 1850 1561 1885 maxime

202 1908 352 1951 linguas,
375 1905 551 1944 Latinam,
576 1905 754 1943 Graecam,
773 1909 808 1937 et
831 1904 1037 1943 Orientales,
1064 1905 1099 1937 in
1118 1905 1243 1947 quibus
1262 1906 1403 1938 cuilibet
1421 1906 1560 1939 mortali

202 1963 387 2005 Europaeo
422 1966 553 1995 certare
587 1962 811 2000 credebatur3
847 1961 1069 1993 humaniores
1103 1961 1207 1993 etiam
1243 1962 1361 1994 literas
1397 1961 1560 1994 Lutetiae

200 2019 330 2063 attigit,
361 2019 420 2051 sed
450 2029 518 2051 non
550 2018 636 2061 pari,
665 2029 742 2050 meo
766 2017 900 2061 judicio
930 2017 1081 2060 quidem,
1113 2027 1282 2050 successu.
1346 2018 1388 2051 In
1419 2017 1560 2050 Britan-

200 2076 293 2108 niam
314 2085 394 2107 mox
414 2075 576 2118 trajicens
595 2074 693 2106 aulae
711 2073 852 2106 fastidia
869 2073 965 2116 sequi
984 2073 1106 2105 voluit.
1157 2072 1247 2117 Ejus
1274 2074 1362 2106 nihil
1388 2074 1471 2112 vidi,
1500 2074 1557 2106 sed

200 2136 316 2164 tamen

346 2186 524 2219 Historiae
558 2184 778 2219 Earonianae
820 2186 1100 2228 supplementum
1135 2186 1237 2218 audio
1272 2186 1455 2223 meditari;
1499 2186 1556 2218 sed

392 2242 534 2280 frustra,
554 2253 631 2274 cum
650 2242 775 2286 grandi
793 2242 852 2275 illo
870 2242 1075 2274 eruditionis
1100 2253 1138 2274 ac
1164 2241 1276 2274 famae
1302 2252 1427 2274 oceano
1453 2242 1557 2274 rivuli

391 2302 607 2331 concurrent.
