1861 2682
922 286 948 311 X

261 378 343 417 fere
363 376 631 416 tumultuaria
651 381 757 422 sunt,
777 375 828 414 ad
846 374 1138 426 historiamque
1158 373 1463 413 ecclesiasticam
1490 379 1530 412 et
1556 373 1603 411 li-

260 441 446 479 terariam
466 439 708 492 plerumque
729 442 922 490 spectant.
978 436 1125 475 Omnia
1145 450 1254 474 nunc
1274 449 1478 474 recensere
1498 435 1602 473 nihil

262 503 432 546 attinet;
465 515 604 540 eorum
625 506 787 539 tantum
807 499 971 538 nomina
1000 511 1209 550 apponam,
1239 504 1280 537 et
1308 498 1410 536 alius
1437 498 1604 536 fortasse

262 564 338 603 erit
358 564 408 602 de
427 563 539 602 libris
560 562 655 615 ipsis
675 561 909 614 disputandi
929 560 1051 599 locus.
1109 566 1129 583 ‘⁶
1148 561 1279 599 Scotia
1299 560 1505 606 illustrior,
1533 574 1603 598 seu

262 625 549 665 Mendicabula
577 638 765 677 repressa,
794 623 975 662 modesta
1002 623 1233 667 Parecbasi3
1266 636 1346 674 qua
1372 621 1519 660 Libelli
1548 622 1604 660 fa-

260 688 359 727 mosi
382 687 634 740 impudentia
660 686 875 737 detegitur,
903 684 1111 723 mendacia
1134 684 1306 723 ridicula
1330 684 1605 729 confutantur,

261 750 418 789 Scotiae
451 749 586 788 Sancti
618 748 679 787 sui
711 748 981 793 vindicantur,
1013 760 1057 784 ac
1090 748 1196 785 bona
1229 747 1309 785 fide
1338 748 1606 785 asseruntur-,³²

260 812 465 864 Lugduni,
490 812 602 857 1620,
624 815 709 849 8vo.
768 809 918 848 Nullus
940 810 978 847 in
1001 809 1134 847 fronte
1154 808 1246 847 libri
1263 823 1403 855 annus,
1420 809 1489 847 sed
1505 808 1606 859 epis-

261 874 343 912 tola
363 875 414 912 ad
435 874 478 912 F.
500 873 769 911 Barberinum
791 873 884 910 data
901 877 959 910 est
977 871 1131 909 Romae
1146 874 1171 908 4
1189 885 1282 909 non.
1298 871 1483 909 Octobris
1499 884 1606 909 anno

266 937 379 975 1620.
437 942 457 958 ‘⁶
477 935 629 974 Asserti
652 935 807 973 Scotiae
827 935 943 972 Cives
964 934 1036 980 sui,
1057 934 1092 971 S.
1114 933 1348 971 Bonifacius
1365 933 1607 971 Rationibus

262 1013 320 1037 lx.
346 999 522 1036 Joannes
543 998 661 1036 Duns
686 996 929 1035 Rationibus
953 1010 1030 1033 ΧΠ.
1088 995 1341 1047 Excerptum
1373 1009 1394 1032 e
1420 994 1531 1032 libris
1557 994 1608 1032 de

260 1061 529 1112 Scriptoribus
560 1059 720 1098 Scotis.”
783 1058 1001 1103 Bononiae,
1037 1058 1151 1103 1621,
1185 1061 1265 1095 4to.
1333 1062 1354 1079 ‘⁶
1379 1056 1607 1108 Apparatus

261 1123 313 1161 ad
333 1122 557 1160 Historiam
578 1121 774 1159 Scoticam
794 1119 861 1158 lib.
884 1134 929 1157 11.
980 1120 1247 1157 Accesserunt
1268 1118 1606 1170 Martyrologium

260 1185 461 1223 Scoticum
477 1185 714 1221 Sanctorum
732 1195 937 1220 DCLxmx.
958 1182 1206 1233 Scriptorum
1223 1182 1432 1219 Scotorum
1449 1195 1607 1219 MDcm.

261 1246 590 1285 Nomenclatura.
629 1245 742 1296 Opus
759 1258 780 1282 e
795 1243 1016 1295 peregrinis
1032 1243 1213 1281 omnium
1230 1243 1414 1294 gentium
1431 1243 1608 1281 historiis

261 1308 490 1353 collectum,
505 1307 640 1346 omnia
656 1306 761 1344 orbis
778 1319 901 1356 regna
915 1305 982 1356 pio
995 1305 1130 1343 studio
1145 1304 1384 1351 lustrantur,
1400 1304 1608 1357 religiosae

261 1371 297 1409 S.
314 1371 364 1409 R.
378 1370 425 1408 E.
441 1369 617 1408 familiae
633 1367 913 1412 nobilitantur,
929 1367 1095 1405 historia
1110 1367 1240 1418 patria
1258 1373 1440 1419 augetur,
1453 1369 1609 1406 sectarii

263 1433 545 1476 admonentur,
559 1429 755 1469 catholica
768 1429 914 1467 veritas
927 1435 1066 1467 contra
1079 1429 1216 1467 hostes
1230 1429 1306 1467 Dei
1322 1435 1362 1467 et
1375 1430 1529 1468 Scotiae
1545 1430 1608 1468 fir-

261 1500 407 1532 matur.
456 1494 480 1531 J
486 1493 564 1531 usti
579 1502 619 1531 et
635 1492 764 1544 parati
782 1491 912 1543 operis
927 1491 1203 1542 praem1ntia.”
1255 1491 1473 1537 Bononiae,
1494 1493 1608 1538 1622,

263 1560 342 1595 4to.
395 1556 452 1594 Et
467 1555 680 1607 separatim
697 1567 992 1605 nonnunquam
1008 1559 1187 1591 veneunt
1208 1553 1545 1605 Martyrologium
1567 1560 1608 1593 et

263 1617 592 1657 Nomenclatura.
633 1622 652 1639 ‘⁶
668 1615 946 1666 Menologium
964 1616 1171 1653 Scotorum
1187 1631 1195 1659 ;
1218 1616 1256 1653 in
1275 1630 1355 1667 quo
1372 1616 1509 1654 nullus
1530 1616 1606 1655 nisi

263 1681 404 1718 Scotus
414 1685 535 1731 gente
548 1685 619 1717 aut
632 1678 945 1723 conversatione,
956 1677 1066 1728 quod
1079 1691 1128 1715 ex
1142 1677 1322 1715 omnium
1333 1678 1516 1729 gentium
1523 1693 1608 1717 mo-

265 1742 468 1787 nimentis,
484 1742 551 1793 pio
567 1741 701 1779 studio
718 1740 795 1778 D'ei
812 1739 986 1785 Gloriae,
1007 1740 1244 1777 Sanctorum
1262 1739 1431 1785 Honori,
1448 1740 1608 1779 Patriae

265 1805 526 1849 Ornamento,
546 1803 709 1854 colligit,
725 1801 916 1854 publicat,
937 1807 977 1839 et
998 1801 1180 1840 inscribit
1201 1801 1399 1840 illustriss.
1418 1802 1606 1855 Principi,

264 1866 517 1905 Moecaenati
531 1879 614 1911 suo,
629 1865 678 1903 D.
694 1863 894 1916 Maphaeo
911 1864 945 1902 S.
962 1863 1010 1901 R.
1029 1864 1075 1901 E.
1091 1864 1208 1902 Card.
1225 1863 1456 1910 Barberino,
1473 1866 1607 1903 Scoto-

264 1942 355 1967 rum
378 1928 613 1967 Protectori.
666 1927 778 1978 Opus
795 1925 1080 1964 ecclesiasticae
1095 1925 1341 1964 hierarchiae
1358 1940 1402 1965 ac
1416 1928 1607 1965 monasti-

267 2004 334 2029 cae
348 1991 453 2029 vitae
466 1989 656 2042 dignitati
673 1988 890 2039 augendae,
907 1987 1058 2025 haeresi
1075 1988 1115 2025 in
1130 1989 1260 2026 Scotia
1276 1988 1425 2040 vigenti
1441 1989 1608 2028 confun-

265 2053 431 2097 dendae,
459 2065 622 2103 operose
648 2049 786 2088 utile.”
845 2049 1061 2095 Bononiae,
1086 2050 1199 2095 1622,
1220 2055 1299 2089 4to.
1358 2057 1378 2073 “
1397 2052 1606 2090 Scotorum

264 2114 512 2166 Scriptorum
533 2111 860 2156 Nomenclatura,
877 2117 1069 2162 quartum
1085 2118 1212 2150 aucta.
1251 2112 1385 2150 Sancti
1402 2127 1606 2151 DCLxmx.

265 2175 382 2214 Beati
411 2190 559 2214 Lxxm.
585 2175 717 2225 Papae
738 2188 772 2212 v.
797 2172 1032 2211 Cardinales
1058 2187 1142 2211 xiv.
1168 2174 1423 2214 Patriarchae
1446 2190 1500 2213 1v.
1528 2175 1607 2213 Re-

265 2251 333 2289 ges
371 2244 442 2276 aut
480 2237 641 2288 Regum
678 2235 794 2274 liberi
833 2249 986 2273 xm'ul.
1025 2235 1208 2287 Apostoli
1249 2237 1444 2275 Gentium
1481 2250 1606 2275 LXIII.

263 2299 605 2338 Monasteriorum
627 2304 740 2336 extra
760 2297 933 2336 Scotiam
955 2297 1218 2344 FundatoreS‚
1239 2299 1549 2350 Archiepiscopi,
1566 2306 1604 2337 et
