1861 2682
670 387 747 426 AD
778 386 1093 426 LECTOREM

339 498 521 551 LUD.
553 495 1222 550 BONCOMPAGNUS
1254 495 1329 548 V.
1363 494 1434 547 A.

211 648 326 690 Qum
348 646 524 685 Thomas
545 647 821 699 Dempsterus‚
842 659 934 685 cum
959 644 1046 684 aliis
1073 644 1214 683 multis
1241 643 1477 683 excellentis
1498 645 1557 682 in-

209 709 317 761 genii
334 710 619 756 monumentis,
636 716 725 747 tum
746 709 822 747 isto
838 709 887 747 de
904 708 1173 760 Scriptoribus
1194 707 1321 746 Scotis
1341 706 1557 751 volumine,

210 771 321 824 quod
341 771 430 809 vivo
451 777 614 810 auctore
634 777 823 823 coeptum
839 771 915 817 edi,
937 784 1047 809 nunc
1062 770 1113 808 ad
1129 769 1368 808 umbilicum
1389 770 1558 821 perduc-

212 839 301 871 tum
336 833 410 871 tibi
449 834 602 880 damus,
636 834 762 872 amice
796 833 933 879 lector,
963 838 1210 885 postumum,
1243 833 1294 871 de
1327 832 1458 884 patria
1492 832 1559 870 de-

212 909 292 948 que
312 894 439 934 literis
460 897 613 948 optime
638 896 690 934 sit
716 896 895 942 meritus,
928 895 1142 941 neminem,
1169 895 1246 933 nisi
1273 896 1322 933 ab
1349 895 1457 933 omni
1484 894 1559 932 hu-

211 958 407 997 manitate
427 957 617 1004 alienum,
647 958 931 996 dubitaturum
960 963 1073 1009 puto.
1131 956 1410 995 Nihilominus
1437 962 1557 1008 prout

214 1025 274 1060 est
295 1025 478 1058 nostrum
499 1019 681 1058 seculum
707 1020 818 1058 ferax
848 1019 1061 1058 hominum
1090 1018 1293 1071 petulanti
1324 1024 1365 1058 et
1389 1019 1561 1057 indomi-

215 1088 265 1128 ta,
286 1082 396 1134 quod
416 1082 458 1120 in
478 1082 566 1120 aliis
586 1082 835 1134 praeclarum
856 1082 967 1120 taciti
989 1087 1192 1134 coguntur
1212 1081 1410 1127 admirari,
1432 1082 1473 1119 in
1503 1095 1560 1119 se-

213 1150 297 1182 met
318 1144 533 1182 desiderari
556 1150 791 1195 agnoscunt,
816 1143 1039 1183 insectandi
1066 1143 1237 1182 libidine
1266 1144 1559 1185 serocientiunr

215 1204 331 1243 valde
351 1205 531 1256 suspicor
546 1206 630 1244 fore
646 1205 872 1252 malevolos,
886 1206 956 1258 qui
973 1206 1101 1258 aegris
1117 1205 1243 1245 oculis
1259 1206 1413 1245 Scotiae
1429 1205 1560 1257 splen-

215 1267 353 1305 dorem
388 1267 606 1312 intuentes,
641 1268 941 1318 secundamque
975 1268 1208 1320 Dempsteri
1242 1268 1391 1306 famam
1425 1269 1561 1306 minus

214 1328 390 1381 propitia
406 1342 503 1367 aure
519 1329 776 1380 excipieilteS‚
792 1329 965 1368 inficetis
981 1330 1344 1368 obtrectationibus
1360 1329 1477 1368 illum
1495 1332 1562 1368 ob—

216 1405 385 1437 scurare,
419 1390 525 1429 hanc
558 1391 742 1429 mendaci
773 1390 1069 1430 calumniarum
1100 1397 1142 1430 et
1177 1405 1344 1430 coenosa
1377 1393 1562 1443 congerie

216 1453 491 1492 contaminare
524 1461 733 1492 conentur.
802 1454 937 1496 Quare
971 1454 1189 1492 effrenatae
1218 1454 1468 1506 improbitati
1501 1468 1563 1492 oc-

216 1529 376 1553 currere
405 1515 570 1553 omnino
596 1516 864 1554 necessarium
893 1516 983 1562 suit,
1013 1522 1061 1554 ut
1086 1515 1202 1554 malis
1227 1530 1269 1555 os
1293 1517 1563 1561 obturaretur,

217 1577 406 1628 bonique,
434 1578 484 1616 de
510 1577 721 1616 fraudibus
748 1584 789 1617 et
822 1578 978 1617 offuciis
1012 1584 1107 1617 ante
1141 1579 1297 1625 moniti,
1332 1579 1492 1617 veritati
1525 1586 1565 1617 et

217 1639 359 1677 virtuti
390 1640 671 1678 testimonium
702 1646 744 1679 et
774 1640 1015 1693 applausum
1042 1654 1124 1679 non
1151 1641 1409 1692 denegarent.
1469 1641 1563 1679 Fuit

219 1701 485 1754 Dempsterus
506 1702 585 1741 acri
606 1702 666 1741 vir
687 1703 862 1755 ingenio,
883 1703 1134 1741 inflammato
1154 1704 1207 1742 ad
1226 1717 1364 1742 omnes
1391 1703 1565 1755 discipli-

219 1777 290 1802 nas
316 1764 597 1816 perdiscendas
623 1765 770 1811 studio,
802 1764 908 1804 facili
939 1771 981 1804 et
1007 1779 1120 1804 cerea
1145 1766 1197 1804 ad
1224 1765 1566 1817 comprehenden-

221 1825 330 1872 dum,
360 1827 575 1878 tenacique
601 1833 643 1866 et
667 1826 778 1865 fideli
805 1827 856 1865 ad
884 1827 1145 1866 retinendum
1171 1828 1368 1879 quicquid
1393 1827 1564 1879 legisset,

221 1888 422 1927 memoria.
480 1888 585 1927 Cum
607 1903 700 1928 vero
719 1888 935 1941 publicatis
955 1889 997 1928 in
1027 1889 1138 1928 omni
1165 1889 1339 1941 eleganti
1366 1896 1407 1928 et
1436 1904 1566 1929 amoe-

222 1963 274 1987 na
294 1948 505 1989 literatura
527 1951 801 2003 compluribus
821 1951 933 1990 libris
953 1952 1114 1990 abunde
1135 1952 1289 1990 nomini
1310 1965 1382 1990 suo
1403 1951 1567 1990 celebri-

222 2011 316 2049 tatis
350 2012 578 2052 conciliasse
611 2014 719 2052 visus
753 2020 866 2060 esset,
901 2015 1111 2053 Scotorum
1148 2020 1285 2053 autem
1322 2014 1364 2052 in
1406 2015 1567 2053 fortitu-

222 2073 317 2112 dine
350 2073 503 2120 belhca,
538 2075 579 2113 in
610 2074 747 2122 literis,
778 2076 820 2114 in
852 2090 954 2128 pura
984 2075 1216 2115 Catholicae
1245 2075 1450 2128 religionis
1479 2091 1568 2129 pro-

223 2134 396 2174 fessione
435 2136 721 2188 antiquitatem
759 2144 801 2176 et
839 2139 1107 2177 constantiam
1146 2152 1227 2177 non
1267 2139 1361 2177 satis
1399 2153 1472 2190 pro
1511 2153 1569 2177 re-

224 2211 314 2236 rum
346 2198 629 2249 magnitudine
663 2206 788 2246 notas,
822 2201 903 2239 sive
938 2206 1167 2253 temporum
1198 2201 1357 2253 injuria,
1389 2202 1470 2240 sive
1500 2216 1569 2253 po-

223 2258 429 2311 pularium
464 2260 628 2307 incuria,
663 2260 740 2300 alio
777 2263 1061 2302 meditationes
1093 2263 1410 2309 deflectentium,
1435 2266 1568 2315 jacere

225 2322 575 2369 animadverteret,
623 2323 833 2376 ingemuit,
875 2330 916 2363 et
958 2325 1139 2364 animum
1182 2326 1233 2364 ad
1276 2326 1430 2364 Scotiae
1475 2339 1568 2364 suae

226 2383 365 2423 laudes
403 2383 665 2424 illustrandas
708 2385 980 2438 pulcherrimo
1018 2387 1194 2426 facinore
1232 2387 1400 2439 appulit.
1464 2387 1570 2425 Pub-

227 2445 303 2485 lica
349 2446 487 2498 itaque
530 2446 619 2487 luce
663 2448 828 2487 donavit
871 2447 1069 2500 syllabum
1112 2448 1307 2489 librorum
1355 2448 1509 2501 aliquot
1548 2463 1567 2487 a
