1861 2682
547 270 717 303 GENTIS
742 268 1011 306 SCOTORUM,
1037 267 1123 298 LIB.
1148 267 1210 297 ΙΙΙ.
1491 265 1551 294 153

341 364 477 397 Monita
495 364 659 396 salutaria
1060 360 1118 392 lib.
1140 368 1165 391 1.

341 419 515 452 Ecclesiae
533 419 686 451 Scoticae
704 418 879 451 Successio
1059 416 1118 448 lib.
1139 425 1163 448 1.
1183 415 1278 447 Citat
1295 414 1446 447 Joannes
1466 413 1550 445 For-

391 476 516 514 dunus,
550 475 642 518 quod
677 485 762 518 opus
796 474 929 506 utinam
964 472 1065 504 hodie
1105 476 1260 509 extaret3
1304 474 1394 502 certe
1436 468 1550 501 Scotia

386 536 589 564 ornamenta
630 542 703 568 sua,
745 530 869 573 quibus
913 528 999 560 nulli
1042 528 1138 571 genti
1181 527 1358 559 videretur
1396 525 1548 562 inferior,

387 588 538 620 haberet.

339 643 396 675 Ad
416 643 547 686 Regem
566 653 629 684 pro
648 642 736 675 Pace
754 641 959 674 stabilienda
1061 639 1119 671 lib.
1141 648 1164 671 1.

241 698 338 731 Obiit
360 699 449 731 circa
473 709 602 730 annum
628 707 701 730 MX.
753 697 958 729 Sanctorum
985 696 1062 728 albo
1086 696 1275 737 ascriptum
1300 694 1420 727 scribit
1444 693 1552 726 Scoti—

193 755 388 792 chrouicon,
407 759 441 786 et
459 754 586 795 templa
613 755 643 785 ei
668 758 780 786 erecta
803 757 986 785 testantur.
1011 752 1148 785 Colitur
1167 760 1219 783 IV.
1239 751 1336 789 Maii,
1362 751 1550 783 translatus

195 819 230 842 v.
250 810 432 843 Februarii
450 820 541 842 auno
559 817 703 842 DCCLX.
746 809 835 842 Vide
853 809 917 841 hoc
935 808 1023 841 libro
1041 818 1146 850 supra
1165 807 1202 839 in
1220 807 1253 839 S.
1275 807 1394 840 Como.

634 920 669 953 S.
697 919 976 953 CONNANUS.
1029 919 1109 953 256.

194 1034 241 1067 IN
260 1033 293 1066 S.
314 1034 481 1067 Connano
498 1045 577 1067 rara
594 1034 727 1078 ingenii
746 1033 903 1071 felicitas,
922 1037 956 1065 et
979 1033 1125 1076 simplex
1149 1043 1285 1065 morum
1308 1033 1454 1065 candor:
1482 1033 1552 1074 epi-

193 1091 320 1133 scopali
339 1090 509 1134 dignitate
528 1090 697 1122 Scoticam
716 1090 891 1122 ecclesiam
906 1094 1042 1122 rexerat
1056 1101 1095 1122 eo
1109 1090 1291 1132 praecipue
1306 1093 1469 1131 tempore,
1484 1099 1553 1131 quo

194 1147 305 1190 reguli
332 1145 441 1189 Angli
468 1146 699 1189 legationibus
726 1146 769 1177 ad
794 1156 891 1189 reges
918 1151 1053 1179 nostros
1078 1145 1193 1178 missis
1218 1146 1373 1178 doctores
1397 1145 1555 1177 erudien-

193 1202 237 1233 do
270 1201 398 1243 populo
432 1211 495 1233 suo
530 1205 740 1242 acceperant,
771 1205 811 1233 ut
838 1200 1080 1245 Vigorniensis
1111 1201 1311 1239 monachus,
1342 1200 1554 1245 Sigebertus,

195 1256 437 1300 Uspergensis,
464 1255 658 1298 Polydorus
681 1255 852 1299 Virgilius
877 1258 935 1289 lib.
957 1266 1009 1290 IV.
1036 1258 1132 1290 Hist.
1156 1269 1235 1302 pag.
1256 1265 1413 1290 LXXVII.
1439 1261 1472 1289 et
1497 1257 1554 1288 alii

193 1317 376 1345 testantur.
429 1311 484 1344 Ea
501 1316 575 1344 tum
595 1315 798 1353 tempestate
816 1312 988 1354 plerisque
1006 1324 1083 1345 cum
1103 1314 1137 1346 S.
1157 1314 1318 1346 Firmano
1336 1317 1370 1345 et
1393 1312 1428 1345 S.
1447 1311 1556 1344 Aida-

191 1379 236 1401 110
254 1368 291 1400 in
308 1367 475 1412 Angliam
494 1367 665 1411 evangelii
683 1367 903 1409 praedicandi
929 1369 1043 1412 gratia
1068 1368 1241 1411 profectis,
1268 1368 1466 1407 Connanus,
1491 1368 1556 1400 Co-

192 1423 387 1462 lumbanuS,
406 1423 629 1462 Chroniacus‚
648 1422 806 1461 Dimaus,
827 1422 1024 1467 Bigitanus‚
1043 1429 1077 1457 et
1095 1424 1299 1463 Damianus,
1319 1424 1469 1466 episcopi
1487 1424 1558 1455 exi-

193 1480 281 1512 miae
299 1480 450 1522 pietatis,
476 1480 705 1512 sanctimonia
729 1480 892 1518 illustres,
914 1479 1006 1511 domi
1033 1481 1273 1513 consederunt.
1303 1479 1404 1512 Hect.
1431 1479 1555 1512 Boeth.

193 1535 251 1568 lib.
272 1545 326 1568 lx.
347 1535 481 1568 Histor.
501 1534 591 1568 Seot.
611 1546 689 1579 pag.
709 1543 875 1568 CLXXVI.
927 1535 1017 1579 Ejus
1036 1541 1142 1569 sunt:

339 1591 402 1624 Pia
419 1591 602 1633 Exempla,
621 1601 663 1623 ex
681 1590 740 1623 SS.
760 1590 924 1624 Patribus
943 1592 1077 1630 selecta,
1213 1593 1272 1626 lib.
1294 1603 1316 1625 1.

337 1647 585 1679 Meditationes
1213 1649 1272 1681 lib.
1294 1658 1316 1681 Ι.

340 1702 515 1736 Homiliae
1210 1705 1268 1738 lib.
1290 1715 1314 1738 Ι.

242 1759 406 1792 Florebat
419 1770 474 1792 an.
492 1767 657 1792 DCLXIV.
686 1759 882 1804 Episcopus
903 1761 958 1793 hic
976 1760 1189 1800 Sodorensis,
1207 1762 1244 1793 in
1262 1762 1423 1793 divorum
1442 1762 1558 1794 album

194 1816 332 1854 relatus,
353 1815 529 1848 colebatur
546 1816 675 1860 insigni
694 1816 886 1849 devotione.
911 1816 934 1849 J
937 1828 1013 1849 oan.
1032 1817 1196 1850 Leslaeus
1215 1817 1273 1849 lib.
1295 1826 1346 1849 1v.
1365 1828 1444 1861 pag.
1465 1826 1554 1849 CLV.

199 1870 227 1902 F
230 1871 463 1913 erquhardum
498 1882 614 1915 regem
648 1872 703 1914 pie
737 1873 901 1905 instituit.
957 1872 1102 1906 Arnold.
1140 1872 1257 1906 Uvion
1292 1873 1349 1906 lib.
1387 1882 1444 1906 111.
1480 1884 1559 1917 pag.

196 1934 384 1959 eeecxm.
430 1926 566 1960 Colitur
584 1936 698 1960 XXIV.
717 1927 752 1960 N
755 1929 888 1961 ovemb.

637 2040 671 2072 S.
699 2040 982 2074 CORMANUS.
1035 2044 1115 2077 257.

195 2150 228 2182 S.
263 2149 498 2188 CORMANUS‚
538 2150 857 2185 Northumbrorum
899 2154 1032 2195 primus
1072 2156 1259 2196 apostolus,
1307 2160 1340 2188 et
1381 2155 1440 2187 SS.
1484 2155 1561 2188 albo

198 2206 378 2248 ascriptus.
422 2205 522 2238 Joan.
550 2206 714 2239 Leslaeus
740 2208 798 2240 lib.
820 2216 871 2241 IV.
894 2219 972 2253 pag.
994 2218 1132 2243 cLVIII.
1162 2215 1181 2229 ‘⁶
1199 2211 1264 2245 Vir
1281 2212 1410 2256 gravis,
1439 2215 1472 2243 et
1487 2222 1562 2243 eru-

198 2261 328 2294 ditione
355 2261 494 2304 vitaque
520 2262 678 2305 insignis,
709 2263 835 2295 missus
865 2269 917 2297 est
947 2266 989 2297 ad
1020 2265 1278 2300 Northumbros
1309 2267 1441 2300 Christi
1475 2267 1559 2310 dog-

197 2322 289 2350 mate
306 2318 567 2357 instituendos,'’
592 2318 640 2351 ait
660 2317 706 2350 H.
726 2318 895 2352 Boethius
913 2320 971 2353 lib.
993 2329 1047 2353 IX.
1075 2321 1169 2355 Hist.
1189 2322 1280 2356 Scot.
1305 2334 1383 2367 pag.
1403 2330 1552 2355 CLXXV.

871 2383 899 2407 X
