1861 2682
262 261 302 289 24
636 258 861 290 HISTORIA
886 259 1246 290 ECCLESIASTICA

267 356 319 384 ter
336 350 475 383 unicum
494 351 696 394 opusculum
715 350 933 392 inscriptum,

410 405 688 438 Christianorum
708 404 847 436 Puritas
1127 405 1185 437 lib.
1208 413 1231 436 1.

314 460 426 493 Desiit
444 461 560 493 vivere
578 471 669 493 anno
687 460 788 492 salut.
808 467 1000 491 CCLXXVI.
1021 460 1085 497 vel,
1103 464 1143 492 ut
1161 460 1231 497 alii,
1250 467 1366 492 ccc11.
1394 459 1436 492 In
1453 460 1507 493 his
1526 461 1618 494 Mat-

267 516 388 547 thaeus
406 514 786 548 Westmonasteriensis
804 514 847 546 ad
865 524 943 546 eum
962 525 1101 553 annum,
1120 515 1181 557 qui
1197 515 1333 557 prolixa
1350 516 1548 548 narratione
1574 517 1617 548 ab

268 582 307 602 eo
325 574 400 603 acta
417 574 468 603 est
486 571 693 612 complexus.
747 569 986 602 Hartmannus
1004 570 1096 612 apud
1114 569 1314 602 Canisium:

561 639 652 666 Scotia
666 647 695 666 se
710 638 819 665 Albano
831 638 939 665 felicem
954 643 1076 675 martyre
1089 638 1200 671 clamat,

597 684 719 710 Victima
733 683 780 719 qui
796 683 907 710 Christo
920 684 1008 720 prima
1023 683 1159 711 Britanna
1172 684 1236 711 fuit.

683 785 718 817 S.
744 785 1084 820 AMPHIBALUS.
1139 788 1195 819 24.

268 902 301 933 S.
320 900 601 936 AMPHIBALUS,
620 897 877 930 vetustissimus
902 903 1034 935 auctor,
1056 908 1148 930 unus
1172 908 1214 930 ex
1238 897 1280 930 iis
1298 898 1357 940 qui
1377 899 1481 942 vulgo
1498 910 1518 932 a
1540 910 1615 932 nos-

266 956 414 988 tratibus
427 954 559 991 CuIdei,
574 953 638 986 hoc
651 956 713 990 est,
728 952 794 984 Dei
809 953 968 990 cultores,
983 953 1186 995 nuncupati.
1222 952 1291 985 Hic
1307 954 1434 986 multos
1453 954 1495 985 ad
1513 953 1613 986 fidem

267 1010 432 1048 doctrina,
444 1010 571 1041 multos
582 1019 718 1041 morum
730 1008 925 1040 innocentia
936 1008 1121 1050 pertraxit;
1136 1008 1293 1052 regiones
1307 1018 1424 1040 omnes
1436 1009 1613 1047 circuiens,

266 1067 321 1108 pie
347 1065 559 1107 fideliterque
585 1062 861 1100 concionabatur,
892 1062 1006 1100 verbo,
1038 1063 1174 1105 scriptis
1200 1063 1358 1106 juvabat.
1410 1063 1613 1097 Translatae

266 1122 340 1164 ejus
357 1119 521 1162 reliquiae
538 1126 607 1150 VII.
627 1118 755 1150 calend.
774 1116 795 1149 J
799 1117 861 1150 ulii
878 1128 969 1149 anno
989 1126 1206 1150 MCLXXVII.
1257 1117 1402 1161 Scripsit

409 1174 451 1206 In
467 1184 584 1206 omnes
603 1173 703 1205 Pauli
720 1171 897 1215 Epistolas
1128 1173 1187 1205 lib.
1205 1183 1230 1205 1.

314 1229 476 1262 Florebat
493 1229 557 1261 sub
575 1228 799 1260 Fincormaco
818 1238 908 1271 rege,
926 1232 966 1260 ut
983 1232 1034 1260 est
1059 1228 1151 1269 apud
1178 1227 1363 1260 Hectorem
1387 1227 1509 1260 Boeth.
1534 1228 1611 1261 libr.

267 1293 317 1317 vx.
338 1284 472 1317 Histor.
489 1284 578 1316 Scot.
595 1284 658 1316 hoc
672 1287 734 1321 est,
749 1293 838 1315 anno
852 1291 1004 1314 CCXXII.
1023 1281 1120 1314 Idem
1137 1282 1194 1314 ille
1212 1283 1255 1314 ad
1274 1282 1374 1314 fidem
1388 1282 1421 1315 S.
1435 1282 1612 1315 Albanum

265 1340 437 1383 perduxit.
488 1338 734 1371 Westmonast.
761 1337 803 1369 ad
830 1347 958 1369 annum
987 1345 1221 1369 MCLXXVIII.
1239 1343 1273 1370 et
1290 1337 1402 1370 fusius
1419 1338 1462 1371 ad
1480 1349 1611 1371 annum

268 1403 400 1428 eccm.
419 1394 473 1427 Jo.
493 1394 657 1426 Leslaeus
674 1393 732 1426 lib.
752 1401 805 1424 111.
823 1403 901 1436 pag.
921 1400 1024 1424 xxn.

682 1503 714 1536 S.
741 1502 1084 1537 ANMICHADUS.
1135 1508 1190 1538 25.

267 1621 299 1651 S.
330 1619 614 1655 Axmensmns,
644 1618 698 1650 vel
726 1616 976 1655 Anmichadus,
1006 1615 1184 1649 Arnoldus
1212 1615 1329 1649 Uvion
1360 1617 1417 1650 lib.
1448 1626 1501 1649 111.
1532 1627 1610 1660 pag.

266 1683 408 1707 xxxvl.
444 1674 497 1706 vel
530 1672 798 1711 Anmichardus‚
842 1672 965 1705 Petrus
1004 1671 1220 1714 Cratepolius
1260 1672 1296 1703 in
1329 1671 1492 1715 Episcop.
1527 1671 1610 1704 Ger-

265 1741 354 1762 man.
381 1728 579 1766 monaehus,
599 1732 825 1772 cognomento
843 1738 882 1759 ea
904 1731 1014 1760 aetate
1037 1727 1166 1759 usitato
1189 1724 1352 1766 inclusus,
1372 1727 1498 1760 illustri
1517 1729 1608 1770 apud

266 1796 344 1817 suos
368 1786 440 1817 loco
464 1787 578 1821 natus,
602 1783 876 1826 peregrinatione
900 1783 943 1815 ad
965 1783 1038 1814 loca
1059 1786 1176 1814 sancta
1198 1781 1253 1823 pie
1277 1781 1448 1820 instituta,
1471 1782 1507 1814 in
1525 1782 1610 1814 Ger-

263 1840 378 1872 mania
405 1838 575 1871 Fuldense
605 1838 804 1870 coenobium
836 1838 986 1875 accessit,
1015 1848 1123 1869 unum
1155 1847 1197 1869 ex
1226 1837 1268 1868 iis
1298 1837 1491 1879 quindecim
1522 1848 1609 1880 quae

265 1896 299 1927 in
333 1894 512 1927 Scotorum
546 1893 695 1936 gratiam
728 1904 767 1925 ea
800 1893 836 1924 in
869 1896 970 1936 gente
1004 1891 1196 1934 antiquitus
1230 1891 1374 1924 fundata
1407 1892 1609 1934 accepimus,

264 1950 432 1992 quodque,
450 1953 490 1981 ut
508 1947 641 1990 Gaspar
655 1947 847 1980 Bruschius
865 1947 1052 1985 contendit,
1071 1947 1178 1979 totius
1196 1946 1399 1979 Germaniae
1416 1947 1556 1988 primas,
1575 1953 1608 1980 et

265 2005 420 2047 princeps
460 2003 608 2035 Romani
644 2003 779 2044 imperii
815 2007 876 2034 est.
938 2002 1006 2034 Hic
1039 2002 1095 2034 ille
1129 2002 1318 2034 monastico
1351 2001 1473 2034 habitu
1510 2003 1609 2035 indu-

266 2065 321 2091 tus
350 2069 429 2091 rara
455 2058 583 2100 pietate
615 2062 649 2089 et
681 2067 807 2101 magna
833 2057 989 2090 doctrina
1022 2056 1114 2089 fama
1147 2057 1246 2090 vixit.
1296 2056 1501 2090 Sanctorum
1530 2058 1609 2090 albo

265 2114 434 2156 ascriptus
452 2121 507 2144 111.
527 2112 655 2144 calend.
675 2111 838 2144 Februar.
858 2111 1052 2144 Trithemio
1070 2115 1156 2144 teste
1173 2111 1260 2144 libro
1283 2112 1386 2144 tertio
1410 2112 1452 2144 de
1475 2111 1549 2144 Vir.
1568 2113 1608 2144 il-

264 2170 361 2201 lustr.
383 2167 469 2200 Ord.
488 2167 604 2199 Sancti
623 2166 802 2199 Benedicti
824 2177 896 2209 cap.
917 2175 1048 2199 eexm.
1072 2167 1126 2199 vel
1144 2167 1226 2210 ipsis
1244 2167 1392 2199 calendis
1416 2166 1605 2200 Februarii.

264 2224 363 2267 Ejus,
382 2227 422 2255 ut
439 2223 548 2260 aiunt,
566 2226 617 2254 est
