<?xml version="1.0" encoding="UTF-8"?>
<!DOCTYPE html PUBLIC "-//W3C//DTD XHTML 1.0 Transitional//EN"
    "http://www.w3.org/TR/xhtml1/DTD/xhtml1-transitional.dtd">
<html xmlns="http://www.w3.org/1999/xhtml" xml:lang="en" lang="en">
 <head>
  <title>
</title>
<meta http-equiv="Content-Type" content="text/html;charset=utf-8" />
  <meta name='ocr-system' content='tesseract 3.04.00' />
  <meta name='ocr-capabilities' content='ocr_page ocr_carea ocr_par ocr_line ocrx_word'/>
</head>
<body>
  <div class='ocr_page' id='page_1' title='image "./thomaedempsterih00bann_0149.png"; bbox 0 0 1861 2682; ppageno 0'>
   <div class='ocr_carea' id='block_1_1' title="bbox 624 249 1631 287">
    <p class='ocr_par' dir='ltr' id='par_1_1' title="bbox 624 249 1631 287">
     <span class='ocr_line' id='line_1_1' title="bbox 624 249 1631 287; baseline -0.003 -2"><span class='ocrx_word' id='word_1_1' title='bbox 624 251 794 285; x_wconf 90' lang='lat' dir='ltr'><strong>GENTIS</strong></span> <span class='ocrx_word' id='word_1_2' title='bbox 817 249 1089 287; x_wconf 82' lang='lat' dir='ltr'>SCOTORUM,</span> <span class='ocrx_word' id='word_1_3' title='bbox 1115 249 1202 281; x_wconf 90' lang='lat' dir='ltr'><strong>LIB.</strong></span> <span class='ocrx_word' id='word_1_4' title='bbox 1229 249 1273 281; x_wconf 89' lang='lat'>11.</span> <span class='ocrx_word' id='word_1_5' title='bbox 1591 251 1631 283; x_wconf 75' lang='lat'>79</span> 
     </span>
    </p>
   </div>
   <div class='ocr_carea' id='block_1_2' title="bbox 259 341 1622 501">
    <p class='ocr_par' dir='ltr' id='par_1_2' title="bbox 259 341 1622 501">
     <span class='ocr_line' id='line_1_2' title="bbox 259 341 1620 385; baseline -0.006 -4"><span class='ocrx_word' id='word_1_6' title='bbox 259 351 406 381; x_wconf 77' lang='lat' dir='ltr'>sanctos</span> <span class='ocrx_word' id='word_1_7' title='bbox 424 355 523 380; x_wconf 89' lang='lat' dir='ltr'>curas</span> <span class='ocrx_word' id='word_1_8' title='bbox 539 344 694 378; x_wconf 86' lang='lat' dir='ltr'>dividere</span> <span class='ocrx_word' id='word_1_9' title='bbox 710 344 840 383; x_wconf 88' lang='lat' dir='ltr'>solitos,</span> <span class='ocrx_word' id='word_1_10' title='bbox 858 348 899 377; x_wconf 87' lang='lat' dir='ltr'>ut</span> <span class='ocrx_word' id='word_1_11' title='bbox 915 342 1090 376; x_wconf 83' lang='lat' dir='ltr'>nonnullis</span> <span class='ocrx_word' id='word_1_12' title='bbox 1108 342 1152 375; x_wconf 90' lang='lat' dir='ltr'>ad</span> <span class='ocrx_word' id='word_1_13' title='bbox 1169 341 1301 385; x_wconf 86' lang='lat' dir='ltr'><strong>patriae</strong></span> <span class='ocrx_word' id='word_1_14' title='bbox 1318 341 1464 374; x_wconf 88' lang='lat' dir='ltr'>salutem</span> <span class='ocrx_word' id='word_1_15' title='bbox 1482 341 1620 380; x_wconf 88' lang='lat' dir='ltr'>relictis,</span> 
     </span>
     <span class='ocr_line' id='line_1_3' title="bbox 271 397 1622 447; baseline -0.004 -11"><span class='ocrx_word' id='word_1_16' title='bbox 271 404 329 436; x_wconf 86' lang='lat' dir='ltr'>alii</span> <span class='ocrx_word' id='word_1_17' title='bbox 356 402 526 447; x_wconf 86' lang='lat' dir='ltr'>evangelii</span> <span class='ocrx_word' id='word_1_18' title='bbox 552 400 799 435; x_wconf 87' lang='lat' dir='ltr'>disseminandi</span> <span class='ocrx_word' id='word_1_19' title='bbox 824 399 972 443; x_wconf 85' lang='lat' dir='ltr'>correpti</span> <span class='ocrx_word' id='word_1_20' title='bbox 999 398 1120 432; x_wconf 89' lang='lat' dir='ltr'>ardore</span> <span class='ocrx_word' id='word_1_21' title='bbox 1144 402 1265 444; x_wconf 89' lang='lat' dir='ltr'>gentes</span> <span class='ocrx_word' id='word_1_22' title='bbox 1292 397 1541 432; x_wconf 84' lang='lat' dir='ltr'>transmarinas</span> <span class='ocrx_word' id='word_1_23' title='bbox 1567 407 1622 440; x_wconf 90' lang='lat' dir='ltr'>pe-</span> 
     </span>
     <span class='ocr_line' id='line_1_4' title="bbox 271 457 592 501; baseline -0.006 -9"><span class='ocrx_word' id='word_1_24' title='bbox 271 463 394 492; x_wconf 87' lang='lat' dir='ltr'>terent.</span> <span class='ocrx_word' id='word_1_25' title='bbox 446 457 592 501; x_wconf 79' lang='lat' dir='ltr'>Scripsit</span> 
     </span>
    </p>
   </div>
   <div class='ocr_carea' id='block_1_3' title="bbox 319 510 1622 610">
    <p class='ocr_par' dir='ltr' id='par_1_3' title="bbox 319 510 1622 610">
     <span class='ocr_line' id='line_1_5' title="bbox 416 510 1285 547; baseline -0.003 -1"><span class='ocrx_word' id='word_1_26' title='bbox 416 513 470 546; x_wconf 89' lang='lat' dir='ltr'>De</span> <span class='ocrx_word' id='word_1_27' title='bbox 486 512 688 547; x_wconf 89' lang='lat' dir='ltr'>Visionibus</span> <span class='ocrx_word' id='word_1_28' title='bbox 708 512 852 546; x_wconf 87' lang='lat' dir='ltr'>Fursaei</span> <span class='ocrx_word' id='word_1_29' title='bbox 1181 510 1240 544; x_wconf 87' lang='lat' dir='ltr'>lib.</span> <span class='ocrx_word' id='word_1_30' title='bbox 1261 519 1285 544; x_wconf 91' lang='lat'><strong>1.</strong></span> 
     </span>
     <span class='ocr_line' id='line_1_6' title="bbox 319 565 1622 610; baseline -0.003 -7"><span class='ocrx_word' id='word_1_31' title='bbox 319 570 456 603; x_wconf 86' lang='lat' dir='ltr'>Floruit</span> <span class='ocrx_word' id='word_1_32' title='bbox 472 568 645 602; x_wconf 87' lang='lat' dir='ltr'>confessor</span> <span class='ocrx_word' id='word_1_33' title='bbox 662 579 752 602; x_wconf 92' lang='lat' dir='ltr'>anno</span> <span class='ocrx_word' id='word_1_34' title='bbox 770 576 859 601; x_wconf 80' lang='lat' dir='ltr'><strong>DCI..</strong></span> <span class='ocrx_word' id='word_1_35' title='bbox 897 566 1034 601; x_wconf 88' lang='lat' dir='ltr'>Colitur</span> <span class='ocrx_word' id='word_1_36' title='bbox 1050 567 1106 601; x_wconf 84' lang='lat' dir='ltr'>die</span> <span class='ocrx_word' id='word_1_37' title='bbox 1123 575 1207 600; x_wconf 79' lang='lat' dir='ltr'><strong>XVI.</strong></span> <span class='ocrx_word' id='word_1_38' title='bbox 1225 566 1387 600; x_wconf 91' lang='lat' dir='ltr'>Decemb.</span> <span class='ocrx_word' id='word_1_39' title='bbox 1438 565 1622 610; x_wconf 89' lang='lat' dir='ltr'>Martyrol.</span> 
     </span>
    </p>
   </div>
   <div class='ocr_carea' id='block_1_4' title="bbox 270 622 1574 772">
    <p class='ocr_par' dir='ltr' id='par_1_4' title="bbox 270 622 1574 772">
     <span class='ocr_line' id='line_1_7' title="bbox 270 622 1574 670; baseline -0.003 -11"><span class='ocrx_word' id='word_1_40' title='bbox 270 625 407 670; x_wconf 85' lang='lat' dir='ltr'>Anglic.</span> <span class='ocrx_word' id='word_1_41' title='bbox 425 630 466 659; x_wconf 84' lang='lat' dir='ltr'>ut</span> <span class='ocrx_word' id='word_1_42' title='bbox 482 629 516 658; x_wconf 87' lang='lat' dir='ltr'>et</span> <span class='ocrx_word' id='word_1_43' title='bbox 533 625 619 658; x_wconf 89' lang='lat' dir='ltr'>alter</span> <span class='ocrx_word' id='word_1_44' title='bbox 636 634 850 668; x_wconf 86' lang='lat' dir='ltr'>synonymus</span> <span class='ocrx_word' id='word_1_45' title='bbox 867 623 987 657; x_wconf 87' lang='lat' dir='ltr'>eodem</span> <span class='ocrx_word' id='word_1_46' title='bbox 1004 624 1060 657; x_wconf 89' lang='lat' dir='ltr'>die</span> <span class='ocrx_word' id='word_1_47' title='bbox 1077 623 1114 657; x_wconf 90' lang='lat' dir='ltr'>in</span> <span class='ocrx_word' id='word_1_48' title='bbox 1132 622 1386 668; x_wconf 87' lang='lat' dir='ltr'>Martyrologio</span> <span class='ocrx_word' id='word_1_49' title='bbox 1405 622 1574 656; x_wconf 90' lang='lat' dir='ltr'>Romano.</span> 
     </span>
     <span class='ocr_line' id='line_1_8' title="bbox 739 734 1141 772; baseline -0.002 -3"><span class='ocrx_word' id='word_1_50' title='bbox 739 735 775 769; x_wconf 87' lang='lat' dir='ltr'>S.</span> <span class='ocrx_word' id='word_1_51' title='bbox 801 734 1010 768; x_wconf 88' lang='lat' dir='ltr'><strong>BRONUS.</strong></span> <span class='ocrx_word' id='word_1_52' title='bbox 1062 736 1141 772; x_wconf 84' lang='lat'><strong>139.</strong></span> 
     </span>
    </p>
   </div>
   <div class='ocr_carea' id='block_1_5' title="bbox 267 846 1626 1784">
    <p class='ocr_par' dir='ltr' id='par_1_5' title="bbox 267 846 1626 1784">
     <span class='ocr_line' id='line_1_9' title="bbox 268 846 1626 892; baseline -0.001 -11"><span class='ocrx_word' id='word_1_53' title='bbox 268 848 303 881; x_wconf 87' lang='lat' dir='ltr'>S.</span> <span class='ocrx_word' id='word_1_54' title='bbox 323 848 497 887; x_wconf 76' lang='lat' dir='ltr'>BRONUS,</span> <span class='ocrx_word' id='word_1_55' title='bbox 515 849 588 881; x_wconf 90' lang='lat' dir='ltr'>sive</span> <span class='ocrx_word' id='word_1_56' title='bbox 606 848 777 887; x_wconf 88' lang='lat' dir='ltr'>Broonus,</span> <span class='ocrx_word' id='word_1_57' title='bbox 795 848 975 891; x_wconf 88' lang='lat' dir='ltr'>episcopus</span> <span class='ocrx_word' id='word_1_58' title='bbox 998 847 1131 886; x_wconf 89' lang='lat' dir='ltr'>Scotus,</span> <span class='ocrx_word' id='word_1_59' title='bbox 1155 857 1259 890; x_wconf 91' lang='lat' dir='ltr'>quem</span> <span class='ocrx_word' id='word_1_60' title='bbox 1281 846 1316 880; x_wconf 88' lang='lat' dir='ltr'>S.</span> <span class='ocrx_word' id='word_1_61' title='bbox 1339 847 1486 892; x_wconf 87' lang='lat' dir='ltr'>Brigida</span> <span class='ocrx_word' id='word_1_62' title='bbox 1508 848 1626 892; x_wconf 84' lang='lat' dir='ltr'>ingen-</span> 
     </span>
     <span class='ocr_line' id='line_1_10' title="bbox 268 902 1624 947; baseline 0 -11"><span class='ocrx_word' id='word_1_63' title='bbox 268 904 295 936; x_wconf 86' lang='lat' dir='ltr'>ti</span> <span class='ocrx_word' id='word_1_64' title='bbox 313 905 495 942; x_wconf 87' lang='lat' dir='ltr'>calumnia,</span> <span class='ocrx_word' id='word_1_65' title='bbox 520 903 656 947; x_wconf 89' lang='lat' dir='ltr'>publica</span> <span class='ocrx_word' id='word_1_66' title='bbox 677 903 820 946; x_wconf 88' lang='lat' dir='ltr'>synodo,</span> <span class='ocrx_word' id='word_1_67' title='bbox 847 903 1014 935; x_wconf 85' lang='lat' dir='ltr'>miraculo</span> <span class='ocrx_word' id='word_1_68' title='bbox 1036 902 1219 942; x_wconf 80' lang='lat' dir='ltr'>liberavit3</span> <span class='ocrx_word' id='word_1_69' title='bbox 1245 914 1327 936; x_wconf 90' lang='lat' dir='ltr'>nam</span> <span class='ocrx_word' id='word_1_70' title='bbox 1350 914 1428 936; x_wconf 91' lang='lat' dir='ltr'>cum</span> <span class='ocrx_word' id='word_1_71' title='bbox 1451 904 1624 946; x_wconf 86' lang='lat' dir='ltr'>impudica</span> 
     </span>
     <span class='ocr_line' id='line_1_11' title="bbox 268 957 1624 1002; baseline -0.001 -9"><span class='ocrx_word' id='word_1_72' title='bbox 268 965 303 993; x_wconf 88' lang='lat' dir='ltr'>et</span> <span class='ocrx_word' id='word_1_73' title='bbox 320 960 477 992; x_wconf 89' lang='lat' dir='ltr'>adultera</span> <span class='ocrx_word' id='word_1_74' title='bbox 493 960 628 998; x_wconf 88' lang='lat' dir='ltr'>mulier,</span> <span class='ocrx_word' id='word_1_75' title='bbox 646 957 816 990; x_wconf 89' lang='lat' dir='ltr'>infantem</span> <span class='ocrx_word' id='word_1_76' title='bbox 833 957 912 989; x_wconf 92' lang='lat' dir='ltr'>sinu</span> <span class='ocrx_word' id='word_1_77' title='bbox 928 961 1079 1001; x_wconf 86' lang='lat' dir='ltr'>gestans,</span> <span class='ocrx_word' id='word_1_78' title='bbox 1099 962 1257 990; x_wconf 84' lang='lat' dir='ltr'>sanctum</span> <span class='ocrx_word' id='word_1_79' title='bbox 1274 958 1473 1001; x_wconf 90' lang='lat' dir='ltr'>episcopum</span> <span class='ocrx_word' id='word_1_80' title='bbox 1490 964 1624 1002; x_wconf 88' lang='lat' dir='ltr'>patrem</span> 
     </span>
     <span class='ocr_line' id='line_1_12' title="bbox 269 1011 1623 1059; baseline 0 -11"><span class='ocrx_word' id='word_1_81' title='bbox 269 1015 344 1059; x_wconf 90' lang='lat' dir='ltr'>ejus</span> <span class='ocrx_word' id='word_1_82' title='bbox 362 1015 579 1053; x_wconf 85' lang='lat' dir='ltr'>mentiretur,</span> <span class='ocrx_word' id='word_1_83' title='bbox 597 1014 698 1058; x_wconf 88' lang='lat' dir='ltr'>virgo</span> <span class='ocrx_word' id='word_1_84' title='bbox 716 1012 782 1045; x_wconf 85' lang='lat' dir='ltr'>Dei</span> <span class='ocrx_word' id='word_1_85' title='bbox 800 1011 969 1045; x_wconf 86' lang='lat' dir='ltr'>infantem</span> <span class='ocrx_word' id='word_1_86' title='bbox 987 1012 1082 1056; x_wconf 90' lang='lat' dir='ltr'>loqui</span> <span class='ocrx_word' id='word_1_87' title='bbox 1102 1012 1221 1057; x_wconf 89' lang='lat' dir='ltr'>jussit,</span> <span class='ocrx_word' id='word_1_88' title='bbox 1247 1014 1307 1056; x_wconf 91' lang='lat' dir='ltr'>qui</span> <span class='ocrx_word' id='word_1_89' title='bbox 1333 1018 1368 1047; x_wconf 86' lang='lat' dir='ltr'>et</span> <span class='ocrx_word' id='word_1_90' title='bbox 1392 1014 1623 1048; x_wconf 78' lang='lat' dir='ltr'>innocentiam</span> 
     </span>
     <span class='ocr_line' id='line_1_13' title="bbox 268 1067 1625 1113; baseline 0 -10"><span class='ocrx_word' id='word_1_91' title='bbox 268 1069 304 1103; x_wconf 91' lang='lat' dir='ltr'><strong>S.</strong></span> <span class='ocrx_word' id='word_1_92' title='bbox 324 1070 432 1103; x_wconf 89' lang='lat' dir='ltr'>Broni</span> <span class='ocrx_word' id='word_1_93' title='bbox 451 1070 586 1113; x_wconf 88' lang='lat' dir='ltr'>publice</span> <span class='ocrx_word' id='word_1_94' title='bbox 608 1070 773 1107; x_wconf 90' lang='lat' dir='ltr'>elocutus,</span> <span class='ocrx_word' id='word_1_95' title='bbox 799 1073 834 1101; x_wconf 89' lang='lat' dir='ltr'>et</span> <span class='ocrx_word' id='word_1_96' title='bbox 858 1068 980 1101; x_wconf 88' lang='lat' dir='ltr'>matris</span> <span class='ocrx_word' id='word_1_97' title='bbox 1006 1067 1184 1111; x_wconf 84' lang='lat' dir='ltr'>perfidiam</span> <span class='ocrx_word' id='word_1_98' title='bbox 1210 1069 1396 1108; x_wconf 86' lang='lat' dir='ltr'>accusavit,</span> <span class='ocrx_word' id='word_1_99' title='bbox 1423 1074 1625 1113; x_wconf 86' lang='lat' dir='ltr'>patremque</span> 
     </span>
     <span class='ocr_line' id='line_1_14' title="bbox 267 1123 1624 1168; baseline -0.001 -8"><span class='ocrx_word' id='word_1_100' title='bbox 267 1137 370 1160; x_wconf 87' lang='lat' dir='ltr'>suum</span> <span class='ocrx_word' id='word_1_101' title='bbox 388 1131 422 1159; x_wconf 86' lang='lat' dir='ltr'>et</span> <span class='ocrx_word' id='word_1_102' title='bbox 439 1125 644 1164; x_wconf 84' lang='lat' dir='ltr'>nominavit,</span> <span class='ocrx_word' id='word_1_103' title='bbox 663 1130 697 1158; x_wconf 88' lang='lat' dir='ltr'>et</span> <span class='ocrx_word' id='word_1_104' title='bbox 714 1125 848 1158; x_wconf 88' lang='lat' dir='ltr'>intento</span> <span class='ocrx_word' id='word_1_105' title='bbox 865 1123 976 1168; x_wconf 89' lang='lat' dir='ltr'>digito</span> <span class='ocrx_word' id='word_1_106' title='bbox 990 1124 1209 1158; x_wconf 86' lang='lat' dir='ltr'>monstravit.</span> <span class='ocrx_word' id='word_1_107' title='bbox 1228 1123 1278 1157; x_wconf 79' lang='lat' dir='ltr'>Et</span> <span class='ocrx_word' id='word_1_108' title='bbox 1290 1135 1333 1158; x_wconf 91' lang='lat' dir='ltr'>ne</span> <span class='ocrx_word' id='word_1_109' title='bbox 1346 1129 1465 1158; x_wconf 84' lang='lat' dir='ltr'>tantus</span> <span class='ocrx_word' id='word_1_110' title='bbox 1479 1126 1624 1160; x_wconf 84' lang='lat' dir='ltr'>antistes</span> 
     </span>
     <span class='ocr_line' id='line_1_15' title="bbox 267 1180 1625 1225; baseline 0 -10"><span class='ocrx_word' id='word_1_111' title='bbox 267 1182 366 1215; x_wconf 88' lang='lat' dir='ltr'>nobis</span> <span class='ocrx_word' id='word_1_112' title='bbox 392 1181 635 1224; x_wconf 86' lang='lat' dir='ltr'>praeripiatur,</span> <span class='ocrx_word' id='word_1_113' title='bbox 661 1181 768 1213; x_wconf 86' lang='lat' dir='ltr'>verba</span> <span class='ocrx_word' id='word_1_114' title='bbox 792 1180 868 1223; x_wconf 84' lang='lat' dir='ltr'>ipsa</span> <span class='ocrx_word' id='word_1_115' title='bbox 893 1180 995 1213; x_wconf 91' lang='lat' dir='ltr'>Surio</span> <span class='ocrx_word' id='word_1_116' title='bbox 1018 1184 1112 1213; x_wconf 88' lang='lat' dir='ltr'>tomo</span> <span class='ocrx_word' id='word_1_117' title='bbox 1138 1189 1163 1213; x_wconf 93' lang='lat'><strong>1.</strong></span> <span class='ocrx_word' id='word_1_118' title='bbox 1190 1191 1269 1225; x_wconf 86' lang='lat' dir='ltr'><strong>pag.</strong></span> <span class='ocrx_word' id='word_1_119' title='bbox 1297 1189 1492 1214; x_wconf 80' lang='lat' dir='ltr'><strong>CCXLVIII.</strong></span> <span class='ocrx_word' id='word_1_120' title='bbox 1519 1183 1625 1216; x_wconf 86' lang='lat' dir='ltr'>citata</span> 
     </span>
     <span class='ocr_line' id='line_1_16' title="bbox 268 1235 1623 1277; baseline -0.001 -6"><span class='ocrx_word' id='word_1_121' title='bbox 268 1237 455 1271; x_wconf 87' lang='lat' dir='ltr'>sufficient:</span> <span class='ocrx_word' id='word_1_122' title='bbox 475 1241 496 1256; x_wconf 74' lang='lat'>‘⁵</span> <span class='ocrx_word' id='word_1_123' title='bbox 509 1236 639 1269; x_wconf 85' lang='lat' dir='ltr'>Mulier</span> <span class='ocrx_word' id='word_1_124' title='bbox 652 1236 777 1269; x_wconf 90' lang='lat' dir='ltr'>nobilis</span> <span class='ocrx_word' id='word_1_125' title='bbox 791 1247 809 1269; x_wconf 91' lang='lat' dir='ltr'>e</span> <span class='ocrx_word' id='word_1_126' title='bbox 823 1236 937 1269; x_wconf 89' lang='lat' dir='ltr'>Scotia</span> <span class='ocrx_word' id='word_1_127' title='bbox 950 1235 1057 1268; x_wconf 85' lang='lat' dir='ltr'>filiam</span> <span class='ocrx_word' id='word_1_128' title='bbox 1070 1235 1219 1270; x_wconf 86' lang='lat' dir='ltr'>habebat</span> <span class='ocrx_word' id='word_1_129' title='bbox 1232 1248 1252 1270; x_wconf 88' lang='lat' dir='ltr'>a</span> <span class='ocrx_word' id='word_1_130' title='bbox 1266 1237 1450 1270; x_wconf 83' lang='lat' dir='ltr'>nativitate</span> <span class='ocrx_word' id='word_1_131' title='bbox 1466 1242 1599 1271; x_wconf 87' lang='lat' dir='ltr'>mutam</span> <span class='ocrx_word' id='word_1_132' title='bbox 1613 1248 1623 1277; x_wconf 91' lang='lat'>;</span> 
     </span>
     <span class='ocr_line' id='line_1_17' title="bbox 267 1291 1625 1337; baseline 0 -10"><span class='ocrx_word' id='word_1_133' title='bbox 267 1304 354 1333; x_wconf 89' lang='lat' dir='ltr'>eam,</span> <span class='ocrx_word' id='word_1_134' title='bbox 373 1303 450 1326; x_wconf 87' lang='lat' dir='ltr'>cum</span> <span class='ocrx_word' id='word_1_135' title='bbox 469 1297 558 1326; x_wconf 85' lang='lat' dir='ltr'>esset</span> <span class='ocrx_word' id='word_1_136' title='bbox 571 1291 750 1325; x_wconf 89' lang='lat' dir='ltr'>duodecim</span> <span class='ocrx_word' id='word_1_137' title='bbox 765 1302 946 1330; x_wconf 88' lang='lat' dir='ltr'>annorum,</span> <span class='ocrx_word' id='word_1_138' title='bbox 964 1291 1066 1324; x_wconf 83' lang='lat' dir='ltr'>duxit</span> <span class='ocrx_word' id='word_1_139' title='bbox 1083 1292 1127 1323; x_wconf 87' lang='lat' dir='ltr'>ad</span> <span class='ocrx_word' id='word_1_140' title='bbox 1144 1291 1360 1337; x_wconf 89' lang='lat' dir='ltr'>Brigidam.”</span> <span class='ocrx_word' id='word_1_141' title='bbox 1397 1293 1487 1326; x_wconf 88' lang='lat' dir='ltr'>Ecce</span> <span class='ocrx_word' id='word_1_142' title='bbox 1500 1294 1625 1327; x_wconf 88' lang='lat' dir='ltr'>mulier</span> 
     </span>
     <span class='ocr_line' id='line_1_18' title="bbox 268 1346 1625 1392; baseline -0.001 -9"><span class='ocrx_word' id='word_1_143' title='bbox 268 1349 370 1383; x_wconf 87' lang='lat' dir='ltr'>Scota</span> <span class='ocrx_word' id='word_1_144' title='bbox 386 1348 514 1382; x_wconf 88' lang='lat' dir='ltr'>obtulit</span> <span class='ocrx_word' id='word_1_145' title='bbox 535 1347 641 1381; x_wconf 89' lang='lat' dir='ltr'>filiam</span> <span class='ocrx_word' id='word_1_146' title='bbox 663 1347 830 1392; x_wconf 86' lang='lat' dir='ltr'>Brigidae</span> <span class='ocrx_word' id='word_1_147' title='bbox 851 1346 984 1385; x_wconf 87' lang='lat' dir='ltr'>Scotae‚</span> <span class='ocrx_word' id='word_1_148' title='bbox 1006 1351 1041 1379; x_wconf 88' lang='lat' dir='ltr'>et</span> <span class='ocrx_word' id='word_1_149' title='bbox 1064 1347 1101 1379; x_wconf 87' lang='lat' dir='ltr'>in</span> <span class='ocrx_word' id='word_1_150' title='bbox 1119 1346 1244 1387; x_wconf 83' lang='lat' dir='ltr'>Sco&#39;tia,</span> <span class='ocrx_word' id='word_1_151' title='bbox 1271 1349 1424 1392; x_wconf 84' lang='lat' dir='ltr'>alioquin</span> <span class='ocrx_word' id='word_1_152' title='bbox 1449 1350 1541 1382; x_wconf 89' lang='lat' dir='ltr'>enim</span> <span class='ocrx_word' id='word_1_153' title='bbox 1565 1350 1625 1383; x_wconf 88' lang='lat' dir='ltr'>ali-</span> 
     </span>
     <span class='ocr_line' id='line_1_19' title="bbox 268 1403 1625 1449; baseline 0.001 -11"><span class='ocrx_word' id='word_1_154' title='bbox 268 1416 372 1449; x_wconf 86' lang='lat' dir='ltr'>quam</span> <span class='ocrx_word' id='word_1_155' title='bbox 390 1404 524 1437; x_wconf 85' lang='lat' dir='ltr'>itineris</span> <span class='ocrx_word' id='word_1_156' title='bbox 541 1404 762 1442; x_wconf 89' lang='lat' dir='ltr'>mentionem,</span> <span class='ocrx_word' id='word_1_157' title='bbox 788 1407 850 1436; x_wconf 81' lang='lat' dir='ltr'>aut</span> <span class='ocrx_word' id='word_1_158' title='bbox 875 1403 1060 1447; x_wconf 83' lang='lat' dir='ltr'>trajectum</span> <span class='ocrx_word' id='word_1_159' title='bbox 1085 1403 1192 1436; x_wconf 87' lang='lat' dir='ltr'>maris</span> <span class='ocrx_word' id='word_1_160' title='bbox 1217 1405 1365 1447; x_wconf 88' lang='lat' dir='ltr'>scriptor</span> <span class='ocrx_word' id='word_1_161' title='bbox 1390 1406 1555 1448; x_wconf 89' lang='lat' dir='ltr'>antiquus</span> <span class='ocrx_word' id='word_1_162' title='bbox 1572 1406 1625 1439; x_wconf 88' lang='lat' dir='ltr'>in-</span> 
     </span>
     <span class='ocr_line' id='line_1_20' title="bbox 268 1460 1625 1503; baseline 0 -9"><span class='ocrx_word' id='word_1_163' title='bbox 268 1461 422 1500; x_wconf 78' lang='lat' dir='ltr'>nuisset3</span> <span class='ocrx_word' id='word_1_164' title='bbox 445 1465 479 1493; x_wconf 89' lang='lat' dir='ltr'>et</span> <span class='ocrx_word' id='word_1_165' title='bbox 495 1460 580 1503; x_wconf 91' lang='lat' dir='ltr'>quid</span> <span class='ocrx_word' id='word_1_166' title='bbox 597 1470 725 1503; x_wconf 87' lang='lat' dir='ltr'>quaeso</span> <span class='ocrx_word' id='word_1_167' title='bbox 742 1469 829 1503; x_wconf 91' lang='lat' dir='ltr'>opus</span> <span class='ocrx_word' id='word_1_168' title='bbox 847 1469 887 1492; x_wconf 90' lang='lat' dir='ltr'>eo</span> <span class='ocrx_word' id='word_1_169' title='bbox 904 1469 1000 1498; x_wconf 88' lang='lat' dir='ltr'>aevo,</span> <span class='ocrx_word' id='word_1_170' title='bbox 1020 1469 1089 1502; x_wconf 91' lang='lat' dir='ltr'>quo</span> <span class='ocrx_word' id='word_1_171' title='bbox 1106 1463 1159 1493; x_wconf 90' lang='lat' dir='ltr'>tot</span> <span class='ocrx_word' id='word_1_172' title='bbox 1176 1460 1287 1493; x_wconf 86' lang='lat' dir='ltr'>sancti</span> <span class='ocrx_word' id='word_1_173' title='bbox 1304 1460 1489 1499; x_wconf 86' lang='lat' dir='ltr'>antistites,</span> <span class='ocrx_word' id='word_1_174' title='bbox 1507 1472 1625 1495; x_wconf 91' lang='lat' dir='ltr'>mona-</span> 
     </span>
     <span class='ocr_line' id='line_1_21' title="bbox 268 1514 1626 1561; baseline 0 -11"><span class='ocrx_word' id='word_1_175' title='bbox 268 1517 334 1556; x_wconf 88' lang='lat' dir='ltr'>chi,</span> <span class='ocrx_word' id='word_1_176' title='bbox 352 1516 515 1550; x_wconf 85' lang='lat' dir='ltr'>eremitae</span> <span class='ocrx_word' id='word_1_177' title='bbox 532 1516 568 1549; x_wconf 91' lang='lat' dir='ltr'>in</span> <span class='ocrx_word' id='word_1_178' title='bbox 583 1514 697 1548; x_wconf 85' lang='lat' dir='ltr'>Scotia</span> <span class='ocrx_word' id='word_1_179' title='bbox 710 1519 820 1554; x_wconf 89' lang='lat' dir='ltr'>erant,</span> <span class='ocrx_word' id='word_1_180' title='bbox 834 1515 878 1548; x_wconf 91' lang='lat' dir='ltr'>ad</span> <span class='ocrx_word' id='word_1_181' title='bbox 893 1515 1115 1548; x_wconf 90' lang='lat' dir='ltr'>Hirlandiam</span> <span class='ocrx_word' id='word_1_182' title='bbox 1129 1515 1315 1561; x_wconf 87' lang='lat' dir='ltr'>confugere</span> <span class='ocrx_word' id='word_1_183' title='bbox 1329 1515 1345 1548; x_wconf 73' lang='grc' dir='ltr'>Ρ</span> <span class='ocrx_word' id='word_1_184' title='bbox 1364 1515 1414 1549; x_wconf 85' lang='lat' dir='ltr'>Et</span> <span class='ocrx_word' id='word_1_185' title='bbox 1426 1516 1509 1550; x_wconf 88' lang='lat' dir='ltr'>haec</span> <span class='ocrx_word' id='word_1_186' title='bbox 1522 1518 1626 1561; x_wconf 85' lang='lat' dir='ltr'>plana</span> 
     </span>
     <span class='ocr_line' id='line_1_22' title="bbox 267 1571 1622 1616; baseline 0.001 -10"><span class='ocrx_word' id='word_1_187' title='bbox 267 1583 345 1606; x_wconf 87' lang='lat' dir='ltr'>reor</span> <span class='ocrx_word' id='word_1_188' title='bbox 362 1576 549 1616; x_wconf 87' lang='lat' dir='ltr'>apertaque</span> <span class='ocrx_word' id='word_1_189' title='bbox 567 1571 678 1605; x_wconf 90' lang='lat' dir='ltr'>Scotis</span> <span class='ocrx_word' id='word_1_190' title='bbox 696 1571 791 1611; x_wconf 87' lang='lat' dir='ltr'>meis,</span> <span class='ocrx_word' id='word_1_191' title='bbox 811 1572 895 1604; x_wconf 89' lang='lat' dir='ltr'>adeo</span> <span class='ocrx_word' id='word_1_192' title='bbox 913 1572 1073 1606; x_wconf 89' lang='lat' dir='ltr'>omnibus</span> <span class='ocrx_word' id='word_1_193' title='bbox 1091 1572 1287 1616; x_wconf 89' lang='lat' dir='ltr'>ubicunque</span> <span class='ocrx_word' id='word_1_194' title='bbox 1305 1577 1477 1606; x_wconf 82' lang='lat' dir='ltr'>terrarum</span> <span class='ocrx_word' id='word_1_195' title='bbox 1491 1574 1622 1614; x_wconf 81' lang='lat' dir='ltr'>doctis3</span> 
     </span>
     <span class='ocr_line' id='line_1_23' title="bbox 269 1628 1624 1672; baseline 0.001 -11"><span class='ocrx_word' id='word_1_196' title='bbox 269 1628 551 1661; x_wconf 89' lang='lat' dir='ltr'>Hirlandicorum</span> <span class='ocrx_word' id='word_1_197' title='bbox 577 1631 879 1672; x_wconf 86' lang='lat' dir='ltr'>nugamentorum,</span> <span class='ocrx_word' id='word_1_198' title='bbox 905 1632 939 1661; x_wconf 88' lang='lat' dir='ltr'>et</span> <span class='ocrx_word' id='word_1_199' title='bbox 964 1629 1001 1661; x_wconf 90' lang='lat' dir='ltr'>in</span> <span class='ocrx_word' id='word_1_200' title='bbox 1026 1629 1139 1662; x_wconf 91' lang='lat' dir='ltr'>medio</span> <span class='ocrx_word' id='word_1_201' title='bbox 1164 1629 1322 1662; x_wconf 88' lang='lat' dir='ltr'>veritatis</span> <span class='ocrx_word' id='word_1_202' title='bbox 1347 1629 1418 1662; x_wconf 85' lang='lat' dir='ltr'>sole</span> <span class='ocrx_word' id='word_1_203' title='bbox 1435 1630 1624 1663; x_wconf 87' lang='lat' dir='ltr'>caecutien-</span> 
     </span>
     <span class='ocr_line' id='line_1_24' title="bbox 267 1683 1295 1728; baseline 0 -10"><span class='ocrx_word' id='word_1_204' title='bbox 267 1685 368 1723; x_wconf 85' lang='lat' dir='ltr'>tium,</span> <span class='ocrx_word' id='word_1_205' title='bbox 386 1683 651 1717; x_wconf 87' lang='lat' dir='ltr'>oblatrationem</span> <span class='ocrx_word' id='word_1_206' title='bbox 669 1683 756 1716; x_wconf 89' lang='lat' dir='ltr'>nihil</span> <span class='ocrx_word' id='word_1_207' title='bbox 774 1694 900 1716; x_wconf 90' lang='lat' dir='ltr'>moror.</span> <span class='ocrx_word' id='word_1_208' title='bbox 952 1683 1088 1727; x_wconf 85' lang='lat' dir='ltr'>Scripta</span> <span class='ocrx_word' id='word_1_209' title='bbox 1105 1685 1295 1728; x_wconf 85' lang='lat' dir='ltr'>perierunt.</span> 
     </span>
     <span class='ocr_line' id='line_1_25' title="bbox 316 1739 1441 1784; baseline 0.001 -10"><span class='ocrx_word' id='word_1_210' title='bbox 316 1740 455 1774; x_wconf 88' lang='lat' dir='ltr'>Floruit</span> <span class='ocrx_word' id='word_1_211' title='bbox 473 1750 565 1773; x_wconf 88' lang='lat' dir='ltr'>anno</span> <span class='ocrx_word' id='word_1_212' title='bbox 583 1748 681 1772; x_wconf 81' lang='lat' dir='ltr'><strong>DXX.</strong></span> <span class='ocrx_word' id='word_1_213' title='bbox 733 1739 816 1772; x_wconf 89' lang='lat' dir='ltr'>Dies</span> <span class='ocrx_word' id='word_1_214' title='bbox 834 1743 868 1772; x_wconf 87' lang='lat' dir='ltr'>et</span> <span class='ocrx_word' id='word_1_215' title='bbox 886 1739 992 1779; x_wconf 86' lang='lat' dir='ltr'>sedes,</span> <span class='ocrx_word' id='word_1_216' title='bbox 1010 1744 1051 1773; x_wconf 84' lang='lat' dir='ltr'>ut</span> <span class='ocrx_word' id='word_1_217' title='bbox 1067 1751 1168 1784; x_wconf 89' lang='lat' dir='ltr'>saepe</span> <span class='ocrx_word' id='word_1_218' title='bbox 1186 1741 1281 1781; x_wconf 83' lang='lat' dir='ltr'>alias,</span> <span class='ocrx_word' id='word_1_219' title='bbox 1299 1741 1441 1775; x_wconf 85' lang='lat' dir='ltr'>incerta.</span> 
     </span>
    </p>
   </div>
   <div class='ocr_carea' id='block_1_6' title="bbox 734 1851 1156 1885">
    <p class='ocr_par' dir='ltr' id='par_1_6' title="bbox 734 1851 1156 1885">
     <span class='ocr_line' id='line_1_26' title="bbox 734 1851 1156 1885; baseline 0.002 -1"><span class='ocrx_word' id='word_1_220' title='bbox 734 1851 769 1884; x_wconf 89' lang='lat' dir='ltr'>S.</span> <span class='ocrx_word' id='word_1_221' title='bbox 796 1851 1023 1885; x_wconf 87' lang='lat' dir='ltr'><strong>BOETIUS.</strong></span> <span class='ocrx_word' id='word_1_222' title='bbox 1076 1853 1156 1885; x_wconf 77' lang='lat'><strong>140.</strong></span> 
     </span>
    </p>
   </div>
   <div class='ocr_carea' id='block_1_7' title="bbox 270 1963 1626 2345">
    <p class='ocr_par' dir='ltr' id='par_1_7' title="bbox 270 1963 1626 2345">
     <span class='ocr_line' id='line_1_27' title="bbox 270 1963 1623 2008; baseline 0.003 -12"><span class='ocrx_word' id='word_1_223' title='bbox 270 1965 305 1997; x_wconf 83' lang='lat' dir='ltr'><strong>S.</strong></span> <span class='ocrx_word' id='word_1_224' title='bbox 340 1964 528 2003; x_wconf 80' lang='lat' dir='ltr'>BOETIUS,</span> <span class='ocrx_word' id='word_1_225' title='bbox 563 1963 746 2007; x_wconf 21' lang='lat' dir='ltr'>apostolici.</span> <span class='ocrx_word' id='word_1_226' title='bbox 775 1964 929 1997; x_wconf 81' lang='lat' dir='ltr'>instituti</span> <span class='ocrx_word' id='word_1_227' title='bbox 964 1964 1193 2008; x_wconf 88' lang='lat' dir='ltr'>praedicator,</span> <span class='ocrx_word' id='word_1_228' title='bbox 1227 1965 1377 2008; x_wconf 87' lang='lat' dir='ltr'>patriam</span> <span class='ocrx_word' id='word_1_229' title='bbox 1410 1965 1531 1999; x_wconf 85' lang='lat' dir='ltr'>lubens</span> <span class='ocrx_word' id='word_1_230' title='bbox 1567 1968 1623 2001; x_wconf 86' lang='lat' dir='ltr'>de·</span> 
     </span>
     <span class='ocr_line' id='line_1_28' title="bbox 270 2020 1623 2065; baseline 0.002 -12"><span class='ocrx_word' id='word_1_231' title='bbox 270 2020 388 2058; x_wconf 88' lang='lat' dir='ltr'>seruit,</span> <span class='ocrx_word' id='word_1_232' title='bbox 418 2024 458 2052; x_wconf 90' lang='lat' dir='ltr'>ut</span> <span class='ocrx_word' id='word_1_233' title='bbox 488 2020 690 2064; x_wconf 86' lang='lat' dir='ltr'>peregrinus</span> <span class='ocrx_word' id='word_1_234' title='bbox 721 2030 837 2053; x_wconf 88' lang='lat' dir='ltr'>amore</span> <span class='ocrx_word' id='word_1_235' title='bbox 866 2020 932 2053; x_wconf 89' lang='lat' dir='ltr'>Dei</span> <span class='ocrx_word' id='word_1_236' title='bbox 961 2020 1068 2059; x_wconf 87' lang='lat' dir='ltr'>fieret,</span> <span class='ocrx_word' id='word_1_237' title='bbox 1097 2021 1323 2065; x_wconf 86' lang='lat' dir='ltr'>gentiumque</span> <span class='ocrx_word' id='word_1_238' title='bbox 1354 2023 1409 2054; x_wconf 87' lang='lat' dir='ltr'>vel</span> <span class='ocrx_word' id='word_1_239' title='bbox 1433 2022 1623 2056; x_wconf 87' lang='lat' dir='ltr'>infidelium</span> 
     </span>
     <span class='ocr_line' id='line_1_29' title="bbox 271 2074 1623 2122; baseline 0.002 -13"><span class='ocrx_word' id='word_1_240' title='bbox 271 2077 325 2109; x_wconf 87' lang='lat' dir='ltr'>vel</span> <span class='ocrx_word' id='word_1_241' title='bbox 354 2076 391 2108; x_wconf 88' lang='lat' dir='ltr'>in</span> <span class='ocrx_word' id='word_1_242' title='bbox 420 2074 486 2108; x_wconf 92' lang='lat' dir='ltr'>fide</span> <span class='ocrx_word' id='word_1_243' title='bbox 514 2076 714 2109; x_wconf 86' lang='lat' dir='ltr'>nutantium</span> <span class='ocrx_word' id='word_1_244' title='bbox 745 2076 878 2109; x_wconf 88' lang='lat' dir='ltr'>animos</span> <span class='ocrx_word' id='word_1_245' title='bbox 911 2076 1139 2110; x_wconf 84' lang='lat' dir='ltr'>confirmaret.</span> <span class='ocrx_word' id='word_1_246' title='bbox 1202 2077 1268 2110; x_wconf 90' lang='lat' dir='ltr'>Sed</span> <span class='ocrx_word' id='word_1_247' title='bbox 1297 2078 1460 2111; x_wconf 87' lang='lat' dir='ltr'>audiatur</span> <span class='ocrx_word' id='word_1_248' title='bbox 1493 2089 1623 2122; x_wconf 87' lang='lat' dir='ltr'>anony-</span> 
     </span>
     <span class='ocr_line' id='line_1_30' title="bbox 271 2122 1626 2174; baseline 0.002 -9"><span class='ocrx_word' id='word_1_249' title='bbox 271 2142 349 2165; x_wconf 87' lang='lat' dir='ltr'>mus</span> <span class='ocrx_word' id='word_1_250' title='bbox 367 2122 488 2164; x_wconf 67' lang='lat' dir='ltr'>auctor</span> <span class='ocrx_word' id='word_1_251' title='bbox 506 2131 542 2163; x_wconf 90' lang='lat' dir='ltr'>in</span> <span class='ocrx_word' id='word_1_252' title='bbox 559 2130 643 2163; x_wconf 88' lang='lat' dir='ltr'>Vita</span> <span class='ocrx_word' id='word_1_253' title='bbox 657 2130 692 2163; x_wconf 88' lang='lat' dir='ltr'><strong>S.</strong></span> <span class='ocrx_word' id='word_1_254' title='bbox 708 2130 860 2174; x_wconf 87' lang='lat' dir='ltr'>Eloquii,</span> <span class='ocrx_word' id='word_1_255' title='bbox 878 2133 1007 2165; x_wconf 88' lang='lat' dir='ltr'>relatus</span> <span class='ocrx_word' id='word_1_256' title='bbox 1025 2143 1046 2165; x_wconf 86' lang='lat' dir='ltr'>a</span> <span class='ocrx_word' id='word_1_257' title='bbox 1064 2132 1166 2166; x_wconf 90' lang='lat' dir='ltr'>Surio</span> <span class='ocrx_word' id='word_1_258' title='bbox 1183 2137 1267 2167; x_wconf 90' lang='lat' dir='ltr'>tom.</span> <span class='ocrx_word' id='word_1_259' title='bbox 1286 2141 1355 2166; x_wconf 84' lang='lat' dir='ltr'><strong>VII.</strong></span> <span class='ocrx_word' id='word_1_260' title='bbox 1383 2137 1404 2153; x_wconf 89' lang='lat'><strong><em>“</em></strong></span> <span class='ocrx_word' id='word_1_261' title='bbox 1420 2133 1527 2168; x_wconf 89' lang='lat' dir='ltr'>Venit</span> <span class='ocrx_word' id='word_1_262' title='bbox 1544 2134 1626 2168; x_wconf 90' lang='lat' dir='ltr'>Elo-</span> 
     </span>
     <span class='ocr_line' id='line_1_31' title="bbox 270 2185 1624 2234; baseline 0.001 -13"><span class='ocrx_word' id='word_1_263' title='bbox 270 2188 373 2231; x_wconf 87' lang='lat' dir='ltr'>quius</span> <span class='ocrx_word' id='word_1_264' title='bbox 391 2187 434 2220; x_wconf 90' lang='lat' dir='ltr'>ad</span> <span class='ocrx_word' id='word_1_265' title='bbox 453 2185 645 2219; x_wconf 86' lang='lat' dir='ltr'>Galliarum</span> <span class='ocrx_word' id='word_1_266' title='bbox 662 2186 781 2219; x_wconf 89' lang='lat' dir='ltr'>littora</span> <span class='ocrx_word' id='word_1_267' title='bbox 797 2198 840 2219; x_wconf 86' lang='lat' dir='ltr'>ex</span> <span class='ocrx_word' id='word_1_268' title='bbox 859 2187 1048 2221; x_wconf 89' lang='lat' dir='ltr'>Hiberniae</span> <span class='ocrx_word' id='word_1_269' title='bbox 1065 2189 1216 2234; x_wconf 90' lang='lat' dir='ltr'>regione,</span> <span class='ocrx_word' id='word_1_270' title='bbox 1234 2200 1313 2222; x_wconf 91' lang='lat' dir='ltr'>cum</span> <span class='ocrx_word' id='word_1_271' title='bbox 1332 2190 1505 2233; x_wconf 88' lang='lat' dir='ltr'>aliquibus</span> <span class='ocrx_word' id='word_1_272' title='bbox 1523 2201 1624 2223; x_wconf 90' lang='lat' dir='ltr'>vene-</span> 
     </span>
     <span class='ocr_line' id='line_1_32' title="bbox 271 2242 1623 2285; baseline 0.001 -9"><span class='ocrx_word' id='word_1_273' title='bbox 271 2243 436 2276; x_wconf 90' lang='lat' dir='ltr'>rabilibus</span> <span class='ocrx_word' id='word_1_274' title='bbox 455 2243 551 2281; x_wconf 87' lang='lat' dir='ltr'>viris‚</span> <span class='ocrx_word' id='word_1_275' title='bbox 572 2242 729 2275; x_wconf 88' lang='lat' dir='ltr'>videlicet</span> <span class='ocrx_word' id='word_1_276' title='bbox 748 2242 913 2281; x_wconf 88' lang='lat' dir='ltr'>Fursaeo,</span> <span class='ocrx_word' id='word_1_277' title='bbox 932 2242 1100 2283; x_wconf 89' lang='lat' dir='ltr'>Foillano,</span> <span class='ocrx_word' id='word_1_278' title='bbox 1120 2244 1260 2284; x_wconf 89' lang='lat' dir='ltr'>Ultano,</span> <span class='ocrx_word' id='word_1_279' title='bbox 1279 2244 1413 2285; x_wconf 87' lang='lat' dir='ltr'>Boetio,</span> <span class='ocrx_word' id='word_1_280' title='bbox 1430 2245 1571 2284; x_wconf 86' lang='lat' dir='ltr'>Ettone,</span> <span class='ocrx_word' id='word_1_281' title='bbox 1590 2249 1623 2278; x_wconf 87' lang='lat' dir='ltr'>et</span> 
     </span>
     <span class='ocr_line' id='line_1_33' title="bbox 271 2297 1622 2345; baseline 0.001 -13"><span class='ocrx_word' id='word_1_282' title='bbox 271 2299 414 2333; x_wconf 87' lang='lat' dir='ltr'>caeteris</span> <span class='ocrx_word' id='word_1_283' title='bbox 432 2297 695 2332; x_wconf 86' lang='lat' dir='ltr'>confratribus.”</span> <span class='ocrx_word' id='word_1_284' title='bbox 742 2297 947 2332; x_wconf 84' lang='lat' dir='ltr'>Hiberniam</span> <span class='ocrx_word' id='word_1_285' title='bbox 963 2299 1020 2332; x_wconf 87' lang='lat' dir='ltr'>hic</span> <span class='ocrx_word' id='word_1_286' title='bbox 1035 2301 1174 2344; x_wconf 90' lang='lat' dir='ltr'>proprie</span> <span class='ocrx_word' id='word_1_287' title='bbox 1192 2305 1337 2345; x_wconf 87' lang='lat' dir='ltr'>usurpat</span> <span class='ocrx_word' id='word_1_288' title='bbox 1354 2311 1417 2345; x_wconf 91' lang='lat' dir='ltr'>pro</span> <span class='ocrx_word' id='word_1_289' title='bbox 1434 2312 1473 2334; x_wconf 89' lang='lat' dir='ltr'>ea</span> <span class='ocrx_word' id='word_1_290' title='bbox 1490 2299 1622 2334; x_wconf 86' lang='lat' dir='ltr'>Scotiae</span> 
     </span>
    </p>
   </div>
  </div>
 </body>
</html>
