1861 2682
371 309 430 339 Ast
445 307 544 338 animo
560 312 684 348 coeptus
698 315 807 347 magno
822 305 950 337 divinior
966 316 1068 343 ausus,

414 358 553 388 Numina
568 357 745 398 Scotigenae
759 357 884 398 prodere
898 357 996 398 gentis
1011 363 1082 387 erat.

374 408 504 449 Ruperit
519 407 622 438 infelix
637 407 726 437 telam
742 407 811 437 licet
826 407 959 448 Atropos
974 418 1081 443 orsam,

415 460 486 489 Sera
502 465 601 489 tamen
617 468 734 488 sacrum
749 457 829 489 fama
843 457 984 499 loquetur
999 469 1083 498 opus.

439 603 491 632 IN
515 602 725 633 EJUSDEM
750 601 1115 634 PRAEMATURUM
1139 602 1332 633 OBITUM.

373 693 446 723 Non
462 699 524 723 erat
540 703 557 722 a
572 698 673 723 nostro
688 699 750 723 tam
766 692 879 722 distans
895 693 974 722 orbis
989 693 1027 723 ab
1042 693 1122 729 orbe,

413 744 511 779 Quem
527 753 587 773 non
603 741 777 783 Dempsteri
790 747 926 772 nosceret
940 741 1094 781 ingenium
1107 754 1114 771 :

372 794 447 824 Non
463 799 525 823 erat
540 793 571 823 in
586 799 687 823 nostro
702 799 763 823 tam
780 792 901 822 dissitus
917 792 1046 832 angulus
1061 793 1143 828 orbe,

413 844 511 880 Quem
528 854 588 874 non
603 843 730 884 repleret
745 843 839 873 didita
853 842 933 872 fama
947 842 1021 872 viri:

372 895 518 924 Restabat
534 894 660 930 coelum,
677 900 806 924 mentem
823 893 1014 934 praemiserat
1030 892 1121 925 illuc:

414 944 517 974 Incola
532 951 567 974 ut
582 944 646 985 ipse
661 944 751 981 foret,
768 955 846 974 mors
861 943 983 984 inopina
997 943 1078 974 facit.

371 995 514 1025 Mortuus
530 1001 561 1024 at
576 1004 636 1024 non
652 1001 706 1031 est,
723 1005 778 1024 nec
794 994 930 1034 quamvis
945 1004 1065 1034 pressus
1081 995 1196 1029 acerba,

413 1045 508 1075 Hunc
523 1044 676 1074 moriendo
691 1043 767 1074 mori
783 1050 827 1074 tot
841 1050 1037 1074 monumenta
1051 1050 1163 1074 vetant.

372 1095 543 1135 Dempsteri
559 1105 667 1124 nomen
682 1104 838 1134 nunquam
854 1104 958 1124 musea
974 1094 1128 1130 tacebunt,

414 1145 520 1186 Hujus
536 1151 580 1176 tot
596 1144 713 1185 scriptis
728 1144 886 1175 nobilitata
900 1144 992 1174 libris.

601 1247 742 1276 Joamzes
763 1244 915 1274 Thuz'lius
929 1245 1153 1274 Mariaemont.
1176 1245 1324 1275 Titolens.
1343 1247 1380 1275 H
1383 1247 1569 1275 munitatis

796 1295 926 1325 Patavii
942 1295 1123 1324 Primarizcs
1140 1296 1310 1333 Interpras,
1327 1306 1364 1325 m.
1380 1307 1410 1334 p.

320 1474 580 1506 LUDOVICUS
603 1471 985 1504 BONCOMPAGNUS
1009 1472 1133 1504 VIRD.
1158 1473 1452 1505 AUSTRASIUS,

418 1556 595 1585 OBSEQUII
612 1556 726 1585 ERGO,
744 1549 775 1580 P.
796 1555 833 1580 IN
852 1555 946 1580 TRES
964 1555 1211 1580 CLARISSIMOS
1230 1555 1348 1584 VIROS.

640 1628 762 1653 HUJUS
780 1627 915 1654 OPERIS
932 1627 1127 1652 EDlTORES.

373 1751 449 1781 Tres
465 1761 545 1780 unus
560 1750 630 1779 olim
646 1749 722 1780 vidit
738 1749 767 1779 in
783 1749 864 1780 coelo
880 1749 942 1779 dies

372 1802 504 1842 Fulgere
520 1801 605 1837 soles,
621 1800 733 1840 grande
748 1806 872 1830 naturae
888 1800 990 1835 decus,

374 1853 565 1892 Magnaeque
580 1851 680 1880 forsan
694 1850 806 1890 grande
821 1850 991 1890 prodigium
1007 1850 1057 1879 rei.

374 1902 506 1938 Miraris,
523 1907 612 1941 atque
628 1901 726 1941 majus
740 1900 797 1930 hoc
812 1906 944 1930 monstro
958 1902 1069 1940 putas?

372 1953 454 1988 Quid
470 1958 528 1982 tres
543 1951 573 1980 in
589 1961 650 1980 una
664 1957 751 1981 nocte
767 1950 791 1980 si
807 1950 907 1980 videas
923 1950 984 1980 solo

376 2003 490 2033 Lucere
506 2001 644 2031 Phoebos
661 2000 767 2030 clarius
783 1999 920 2030 Phoebes
935 1999 1018 2040 poli?

375 2054 425 2082 En
441 2062 526 2082 cerne
542 2052 691 2087 ῈΑΒῙυΜ,
707 2050 871 2080 maximum
887 2051 992 2080 Scotae
1007 2050 1109 2085 decus,

374 2103 539 2142 Gentisque
554 2102 673 2131 lumen:
691 2111 777 2130 cerne
792 2100 1016 2140 Dempsterium
1033 2104 1103 2134 Sevi»

375 2153 465 2183 Orbis
480 2152 660 2182 relucentem
676 2151 746 2181 orbe
761 2150 792 2180 in
806 2157 928 2180 externo
946 2150 1043 2180 Scoti:

376 2204 418 2233 Et
434 2204 636 2233 BAssmNnm
653 2212 749 2238 cerne,
766 2212 826 2242 quo
839 2201 935 2241 fulget
951 2211 1032 2231 sacer

376 2254 458 2284 Ordo
474 2254 579 2284 decoro
595 2253 699 2289 sidere,
715 2258 745 2282 et
759 2252 871 2292 gaudet
886 2262 949 2281 suo.

376 2305 421 2334 Hi
437 2310 494 2335 tres
510 2304 541 2334 in
556 2314 616 2334 uno
627 2303 691 2344 jam
707 2302 803 2333 nitent
819 2301 935 2333 Phoebi
949 2301 1033 2332 libro.
