1861 2682
240 289 281 318 84
614 289 838 321 HISTORIA
861 288 1223 320 ECCLESIASTICA

242 378 264 410 J
267 390 297 412 0.
315 378 530 413 Gualterium
544 391 622 424 pag.
637 388 883 413 iucenxxxn.
913 379 1114 412 lValramus
1127 379 1403 422 archiepiscopus
1416 377 1597 412 Colonien-

243 435 290 468 sis
309 435 380 468 “in
394 435 560 468 honorem
578 435 612 468 S.
632 435 798 480 Brigidae
812 435 988 468 ecclesiam
1002 434 1214 467 consecravit
1226 444 1235 473 ;
1254 434 1338 467 haec
1352 433 1451 480 virgo
1465 432 1597 467 Scotica

244 489 343 524 fuit.”
362 490 633 524 'Wandelbertus
652 491 868 524 prumiensis
886 490 1116 534 Martyrolog.

535 552 649 590 Brigida
663 553 740 590 virgo
754 558 852 590 potens
867 551 971 580 Februi
985 551 1037 579 sibi
1052 551 1142 588 prima
1155 550 1289 579 kalendas

538 598 682 626 Scotorum
696 598 766 626 miro
779 598 867 636 poscit
883 597 1022 626 celebrata
1034 597 1137 624 favore.

290 654 385 688 Petr.
401 654 574 698 Cratepol.
588 665 667 698 pag.
684 662 784 686 xxx.
804 658 824 672 ‘⁶
839 652 964 686 Sancta
978 652 1125 697 Brigida
1139 663 1180 686 ex
1195 651 1341 686 Scotia.”
1390 651 1597 686 Memoriam

243 710 317 754 ejus
335 711 454 743 recolit
469 710 608 743 ecclesia
621 709 770 742 calendis
783 707 977 742 Februarii.
1007 707 1237 752 Martyrolog.
1255 707 1404 742 Roman.
1423 712 1444 728 ‘⁶
1458 708 1501 741 In
1519 708 1598 741 Sco-

242 766 292 798 tia
309 765 343 798 S.
362 765 527 809 Brigidae
545 765 702 809 virginiS,
727 775 815 807 quae
838 775 917 796 cum
940 764 1074 808 lignum
1093 764 1212 797 altaris
1230 764 1413 808 tetigisset,
1433 764 1544 797 viride
1562 764 1598 796 in

241 821 479 853 testimonium
504 820 717 865 virginitatis
742 830 823 852 suae
840 819 970 852 factum
989 820 1071 852 est.''
1121 819 1255 852 Eadem
1272 819 1332 852 illo
1349 819 1403 852 die
1421 820 1513 862 apud
1532 819 1599 851 Be-

241 876 331 914 dam,
358 876 569 914 Usuardum,
595 875 755 908 Adonem
779 875 1022 913 Viennensem,
1049 879 1083 908 et
1107 875 1204 908 alios.
1255 874 1346 908 Acta
1369 875 1443 919 ejus
1467 879 1501 907 et
1527 875 1599 908 vita

241 932 333 974 apud
359 931 501 964 Surium
527 936 610 964 tom.
639 940 663 963 1.
690 941 794 974 quam
820 931 994 963 contraxit
1018 931 1054 963 in
1084 941 1194 974 pauca
1224 930 1397 963 Francisc.
1430 930 1599 963 Haraeus.

242 986 449 1030 Rodulphus
475 988 516 1019 de
542 986 667 1025 Breda,
694 997 754 1019 seu
780 986 821 1019 de
850 986 953 1026 Rivo‚
986 991 1065 1019 ante
1096 995 1153 1019 cc.
1185 997 1292 1019 annos
1323 986 1472 1019 decanus
1503 985 1600 1017 Tun-

240 1043 374 1087 grensis
396 1044 432 1076 in
455 1042 659 1076 Calendario
681 1042 853 1087 generali:
881 1046 901 1060 “
919 1041 976 1074 Ex
998 1041 1113 1075 Scotia
1137 1042 1302 1086 Brigidae
1329 1042 1475 1085 virginis
1488 1041 1514 1073 :’'
1541 1041 1599 1073 sed

239 1100 340 1143 longe
358 1099 480 1131 melius
503 1098 687 1142 Cogitosus
710 1098 785 1142 ejus
808 1108 924 1140 nepOS,
949 1097 1025 1130 MS.
1050 1098 1087 1129 in
1110 1097 1317 1130 bibliotheca
1338 1096 1540 1129 monasterii
1564 1095 1597 1128 S.

240 1154 407 1187 Caeciliae
431 1159 527 1187 trans
552 1154 731 1197 Tyberim,
754 1153 858 1186 etiam
885 1153 927 1185 ab
954 1152 1107 1186 Henrico
1134 1152 1274 1185 Canisio
1297 1152 1504 1195 publicatus,
1524 1152 1598 1195 ejus

238 1214 336 1254 gesta
350 1215 467 1242 narrat
481 1220 489 1248 ;
509 1209 565 1242 hic
579 1214 599 1227 “
613 1209 649 1241 in
663 1209 820 1241 ulteriori
835 1208 1039 1241 Britanniae
1052 1213 1150 1251 parte
1164 1208 1303 1241 natam”
1320 1207 1513 1250 profitetur.
1549 1207 1598 1240 Et

239 1270 338 1308 pater
362 1265 436 1309 ejus
463 1265 689 1298 Cathenesiae
710 1274 836 1307 prorex
860 1263 1012 1296 Saxones
1038 1263 1269 1306 irrumpentes
1295 1263 1448 1295 animose
1474 1263 1596 1296 arcuit.

242 1321 396 1354 Fordun.
412 1320 487 1353 MS.
530 1320 738 1364 Virgineum
752 1320 867 1352 velum
882 1319 1031 1361 sumpsit
1044 1319 1081 1350 in
1095 1318 1203 1351 Mona
1216 1318 1339 1356 insula,
1359 1328 1447 1361 quae
1461 1329 1500 1350 eo
1513 1328 1598 1351 aevo

239 1388 360 1421 regum
376 1376 556 1410 Scotorum
571 1376 760 1418 sepultura.
799 1374 922 1408 Boeth.
938 1374 996 1406 lib.
1013 1382 1067 1406 IX.
1103 1373 1195 1406 Fuse
1212 1373 1301 1406 libro
1314 1378 1478 1416 sequente
1492 1374 1547 1406 hic
1561 1374 1598 1405 in

240 1432 365 1465 Sancto
383 1429 595 1465 Columbano
609 1430 786 1464 Bobiensi.
813 1429 863 1463 Et
877 1430 974 1475 origo
986 1429 1095 1473 patris
1110 1430 1184 1473 ejus
1198 1430 1235 1462 in
1249 1429 1403 1461 Ladenia
1417 1428 1596 1467 Ptolomei‚

240 1498 332 1521 nunc
349 1488 521 1526 Laudian,
539 1491 579 1520 ut
596 1486 656 1519 ibi.
708 1486 853 1529 Scripsit

385 1543 533 1576 Suarum
562 1542 828 1575 Revelationum
855 1542 913 1574 lib.
942 1550 966 1574 1.
1027 1541 1069 1575 In
1100 1551 1185 1585 quas
1213 1540 1348 1574 Indices
1378 1541 1486 1574 edidit
1515 1539 1597 1573 Ala-

432 1610 498 1632 nus
516 1599 558 1631 de
587 1597 702 1630 Linna
731 1597 919 1630 Carmelita
944 1597 1009 1630 sub
1034 1608 1164 1630 annum
1192 1604 1396 1629 MCCCCXx.
1422 1607 1507 1639 quas
1533 1597 1597 1629 cla-

432 1655 561 1687 rissimi
587 1653 784 1696 philosophi
814 1658 849 1686 et
878 1653 1029 1697 theologi
1060 1663 1249 1695 exposuere
1277 1652 1531 1684 commentariis
1559 1663 1597 1684 ac

435 1709 723 1752 praelectionibus
755 1709 911 1741 Oxoniae
941 1709 1087 1751 publicis
1117 1708 1206 1740 circa
1233 1717 1362 1739 annum
1391 1715 1597 1740 MceeLxx.

432 1765 587 1797 Thomas
606 1764 754 1797 Stubbes
778 1763 1038 1803 Dominicanus,
1064 1763 1259 1796 Richardus
1282 1761 1490 1805 Lavynham
1516 1762 1599 1795 Car-

434 1821 563 1853 melita.

290 1877 379 1910 Tam
397 1877 568 1921 gloriosae
587 1876 679 1909 vitae
704 1876 877 1920 virginem
898 1875 958 1919 qui
976 1875 1166 1918 culparent,
1185 1884 1255 1906 non
1277 1872 1462 1906 defuerunt
1485 1885 1526 1906 ex
1549 1875 1599 1907 ul-

243 1932 329 1965 tima
356 1932 608 1965 haereticorum
638 1931 755 1964 faece:
790 1930 891 1964 Joan.
923 1930 1139 1974 Capgravius
1165 1929 1307 1973 magicis
1333 1929 1599 1963 incantamentis

242 1999 316 2020 eam
335 1998 446 2026 usam,
464 1986 487 2019 J
489 1998 565 2019 oan.
586 1987 734 2020 Knoxus
752 1986 1039 2029 superstitionum
1058 1989 1247 2027 parentem,
1264 1985 1420 2027 impurus
1435 1996 1473 2018 ac
1486 1986 1599 2018 libidi-

242 2053 348 2077 nosus
366 2048 526 2085 apostata
544 2042 693 2075 Balaeus
711 2041 953 2074 Revelationes
976 2040 1069 2072 illius
1093 2040 1327 2073 sanctissimas
1350 2039 1484 2074 Dianae
1510 2051 1599 2073 som-

242 2099 301 2131 nia
318 2109 440 2131 vocare
458 2108 528 2130 non
546 2101 695 2130 veretur.
739 2096 875 2129 Claruit
892 2107 947 2128 an.
966 2104 1114 2128 vanI.
1133 2097 1188 2128 vel
1205 2104 1303 2128 DXX.
1326 2101 1366 2129 ut
1387 2096 1517 2129 dictum
1536 2101 1597 2135 est,

244 2154 299 2186 vel
326 2161 489 2186 Dxxvn.
537 2152 747 2185 Genebrard.
766 2151 893 2184 Chron.
913 2163 990 2196 pag.
1011 2160 1193 2184 CCCCLIX.
1244 2151 1353 2185 Errat
1370 2151 1519 2189 Platina,
1537 2152 1598 2194 qui

243 2220 318 2242 eam
337 2219 413 2241 cum
433 2207 579 2252 Brigida
596 2207 714 2246 Sueca,
732 2211 772 2240 ut
790 2207 872 2246 dixi,
891 2207 1082 2240 confundit.
1134 2207 1342 2251 Regnabant
1359 2207 1451 2250 apud
1479 2206 1597 2239 Scotos

244 2264 424 2298 Conranus
454 2268 489 2296 et
516 2263 716 2308 Congallus,
746 2263 938 2306 imperabat
967 2262 1128 2296 Justinus
1155 2263 1278 2308 major,
1311 2262 1471 2296 Mariano
1500 2267 1596 2300 teste,

244 2320 377 2354 Romae
393 2320 430 2353 in
447 2318 543 2353 Petri
561 2319 724 2353 cathedra
741 2319 880 2352 sedebat
898 2317 1100 2352 Bonifacius
1118 2318 1165 2352 ΙΙ.
