1861 2682
242 262 260 290 4
617 260 843 292 HISTORIA
867 260 1230 293 ECCLESIASTICA

243 352 347 396 Ligu.
366 346 440 385 Vit.
458 362 531 396 cap.
551 361 700 386 XXXIX.
718 352 810 396 quod
826 362 921 385 more
939 356 1053 385 vetere
1071 352 1220 385 decimas
1237 352 1402 397 exigeret,
1422 363 1442 385 a
1459 352 1595 387 furente

244 408 342 451 plebe
367 407 460 441 domi
486 407 763 451 comprehensus,
789 418 828 441 ac
853 408 890 440 in
912 408 1054 450 propria
1077 407 1194 440 culina
1215 412 1370 442 exustus.
1419 407 1487 441 Sed
1509 409 1598 442 hanc

243 464 495 496 immanitatem
524 463 724 496 Alexander
753 462 801 496 ΙΙ.
831 473 894 496 rex
922 463 1025 507 digne
1059 462 1250 496 vindicavit
1283 471 1392 497 cccc.
1427 464 1597 507 supplicio

244 519 384 558 affectis,
414 518 494 552 filiis
523 530 643 553 eorum
671 519 885 552 memorabili
914 519 1054 562 pietatis
1084 519 1241 561 exemplo
1278 520 1433 558 exsectis,
1470 520 1596 553 comite

243 575 405 620 regioniS,
433 576 526 618 quod
554 575 725 608 laboranti
755 585 826 607 non
852 574 1071 613 succurrerit,
1098 573 1290 607 nobilitatis
1317 574 1429 618 gradu
1454 575 1595 619 dejecto.

244 631 359 669 Quare
383 630 598 664 Coelestinus
616 630 680 664 IV.
703 629 861 674 pontifex
883 641 945 673 per
967 629 1149 672 epistolam
1171 629 1302 673 gratias
1326 629 1407 674 egit,
1431 630 1523 673 quod
1546 640 1598 662 ec-

244 686 468 719 clesiasticam
486 686 692 730 dignitatem
710 690 782 718 tam
805 686 941 730 egregie
964 689 1227 729 propugnasset,
1250 685 1356 718 misso
1379 684 1528 730 Aegidio
1551 686 1597 718 le-

243 746 335 786 gato.
370 741 502 775 Anton.
521 741 750 774 Dauroultius
768 752 842 784 par.
862 749 886 773 1.
907 740 1000 773 Flor.
1015 739 1176 784 Exempl.
1191 751 1264 784 cap.
1279 749 1331 774 Iv.
1346 741 1402 775 tit.
1417 748 1501 774 XIV.
1515 745 1596 773 sect.

246 806 302 830 Ix.
319 796 421 831 Joan.
440 797 558 841 Major
574 796 632 829 lib.
652 805 705 829 IV.
757 796 903 839 Scripsit

388 852 583 886 Historiam
600 852 735 886 Scotiae
1106 852 1165 886 lib.
1186 861 1243 886 111.

385 908 564 952 Epistolas
581 909 625 941 ad
642 908 774 953 Regem
792 912 912 941 contra
929 907 1101 941 Comitem

434 964 476 997 de
494 964 665 997 Cathenes
1108 963 1168 996 lib.
1188 972 1213 996 I.

386 1019 564 1063 Epistolas
581 1020 625 1052 ad
642 1019 883 1052 Alexandrum
902 1018 1034 1062 Papam
1107 1019 1166 1052 lib.
1188 1027 1213 1051 I.

386 1076 563 1118 Excerpta
580 1076 715 1109 Biblica
1108 1074 1167 1107 lib.
1187 1083 1212 1106 1.

390 1131 590 1164 Insularum
607 1131 865 1173 Descriptiones
1107 1130 1167 1162 lib.
1187 1138 1212 1162 1.

291 1188 497 1221 Exstinctus
528 1191 579 1219 est
608 1197 699 1219 anno
730 1194 880 1219 mcccv.
907 1186 962 1218 vel
990 1193 1178 1218 mccxxn.
1205 1183 1323 1218 Uvion
1348 1185 1421 1218 loco
1446 1187 1595 1221 laudato.

243 1244 378 1277 Colitur
395 1247 546 1276 sanctus.
577 1242 790 1275 Scotichron.
810 1241 869 1274 lib.
889 1250 944 1274 IX.
963 1252 1036 1284 cap.
1056 1248 1235 1273 XXXVIII.
1262 1239 1390 1274 Passus
1408 1246 1460 1274 est
1477 1240 1598 1275 Domi-

241 1301 318 1333 nica
340 1299 431 1332 infra
452 1303 518 1332 oct.
541 1303 612 1332 nat.
632 1298 675 1330 B.
695 1297 838 1329 Mariae.
866 1297 984 1329 Simile
1007 1296 1163 1329 referunt
1185 1296 1227 1328 de
1249 1295 1292 1328 Β.
1312 1295 1448 1329 Bellino
1465 1308 1485 1330 a
1503 1296 1597 1331 Tho-

241 1367 299 1388 ma
338 1355 541 1398 Capivaccio
579 1353 747 1396 martyrio
785 1353 931 1391 sublato,
975 1351 1040 1385 sub
1079 1362 1210 1384 annum
1253 1359 1426 1385 MCXLIX.
1490 1352 1594 1387 Bern.

244 1411 426 1444 Scardeon.
449 1410 508 1443 lib.
532 1418 622 1442 XIII.
645 1410 743 1442 class.
767 1416 825 1440 111.
850 1412 884 1441 et
908 1419 950 1441 ex
973 1419 1012 1441 eo
1035 1407 1166 1441 Molan.
1189 1407 1233 1441 ad
1254 1406 1382 1440 Usuar.
1405 1408 1460 1441 die
1482 1417 1595 1443 XXVI.

243 1466 411 1499 Novemb.

684 1577 718 1610 S.
745 1575 1074 1610 ADAMANNUS.
1126 1580 1158 1610 3.

245 1696 264 1709 ‘⁵
283 1689 318 1723 S.
336 1689 602 1722 ADAMANNUS
621 1688 798 1728 Coludius,
819 1689 1017 1721 divinarum
1034 1688 1215 1721 literarum
1233 1687 1507 1727 callentissimus,
1534 1699 1595 1721 nec

244 1746 469 1779 saecularium
489 1745 642 1789 ignarus,
665 1745 738 1777 vita
760 1755 798 1777 ac
820 1745 1078 1777 conversatione
1101 1744 1326 1787 praeclarus‚’'
1349 1743 1398 1776 ait
1422 1743 1592 1778 Trithem.

242 1801 460 1835 Bibliotheca
490 1800 670 1833 Minorum
701 1800 848 1833 Patrum
877 1800 914 1832 in
951 1799 1122 1833 Chronico
1161 1798 1411 1832 Chronicorum
1449 1798 1595 1833 Joannis

244 1857 413 1890 Gualterii
431 1867 510 1901 pag.
530 1864 773 1889 DCCCCXCIII.
793 1860 814 1874 ‘⁶
826 1854 1055 1888 Adamannus
1073 1854 1240 1888 Coludius
1258 1853 1391 1892 scotus,
1406 1855 1594 1888 monachus

244 1913 373 1947 ordinis
404 1912 611 1955 apostolici.'’
674 1911 952 1956 Cognomentum
990 1911 1020 1943 ei
1058 1910 1236 1948 Coludius,
1275 1909 1318 1942 ab
1346 1910 1432 1943 urbe
1461 1909 1595 1943 Scotiae

244 1970 281 2002 in
310 1968 469 2006 Maeatis,
499 1978 560 2000 seu
589 1967 756 2006 Merchia,
790 1966 990 1999 Ptolomaeo
1027 1965 1167 2004 Colana,
1206 1965 1321 1998 Bedae
1359 1965 1522 2005 Coldana,
1560 1971 1595 1999 et

245 2024 380 2062 Coludi‚
397 2023 499 2056 hodie
516 2034 598 2056 vero
615 2028 667 2056 est
688 2022 948 2066 Coldinghame‚
977 2026 1011 2055 et
1032 2032 1102 2054 non
1123 2022 1197 2054 sine
1218 2021 1411 2054 sanctitatis
1433 2022 1594 2064 opinione

245 2081 435 2114 multorum
456 2078 703 2111 monachorum
726 2081 835 2120 pater.
886 2076 920 2109 S.
948 2076 1080 2110 Kiliani
1106 2077 1324 2120 discipulum,
1350 2081 1384 2110 et
1409 2077 1446 2109 in
1472 2076 1593 2110 Galliis

247 2135 409 2170 claruisse
435 2134 532 2166 docet
558 2133 769 2178 Sigebertus.
819 2132 925 2165 Anno
948 2141 1094 2165 DCXCV.
1119 2132 1396 2177 peregrinatione
1421 2133 1592 2171 instituta,

246 2194 449 2234 tempestate
486 2190 523 2222 in
558 2189 741 2222 Franciam
774 2193 825 2221 est
856 2188 1000 2228 delatus,
1037 2188 1096 2221 ubi
1132 2199 1210 2221 cum
1247 2187 1432 2231 Arnulpho
1466 2187 1592 2231 episco-

246 2258 290 2291 po
319 2245 590 2279 familiaritatem
621 2245 812 2278 contraxit:
852 2245 890 2277 in
919 2243 1065 2277 Terram
1100 2243 1262 2277 Sanctam
1291 2244 1386 2282 abiit,
1420 2253 1592 2276 reversus-

246 2314 312 2347 que
339 2301 492 2335 Huensis
517 2302 554 2334 in
579 2300 709 2346 Anglia
735 2300 889 2334 coenobii
914 2299 1028 2339 abbas,
1055 2300 1099 2334 ad
1123 2299 1321 2333 Aelfridum
1345 2304 1461 2333 orator
1481 2299 1591 2341 desig-
