1861 2682
234 291 295 319 158
603 289 829 321 HISTORIA
852 287 1213 319 ECCLESIASTICA

377 380 435 413 Ad
453 381 593 413 Clerum
611 380 783 412 Scoticum
801 389 904 421 super
921 377 1095 410 Ecclesiae
1113 377 1261 410 Statutis
1359 377 1416 409 lib.
1437 386 1461 409 1.

285 436 421 469 Floruit
438 447 527 469 anno
546 443 651 468 DCVI.
670 435 783 467 seculo
801 434 859 467 SS.
878 434 970 477 apud
987 437 1157 466 nostrates
1175 432 1398 465 feracissimo.

642 546 676 579 S.
704 544 1052 580 COLUMBANUS.
1105 542 1184 576 264.

239 659 272 691 S.
292 659 569 692 COLUMBANUS
582 658 769 691 monachus
783 657 1038 695 Benedictinus,
1058 657 1146 689 alius
1164 667 1184 688 a
1202 656 1367 689 Bobiensi
1381 661 1415 690 et
1432 659 1591 701 episcopo

243 714 398 759 [eodem]
419 715 633 758 cognomine,
656 714 697 745 de
715 713 840 756 quibus
858 723 973 755 supra,
992 712 1130 756 egregia
1148 716 1169 730 “
1186 712 1378 744 sanctitatis
1396 723 1478 746 suae
1497 715 1592 747 testi-

240 771 357 803 monia
374 770 520 813 posteris
538 769 709 812 reliquit,”
735 769 785 801 ait
801 768 947 801 Arnold.
975 767 1093 800 Uvion
1119 767 1177 800 lib.
1198 776 1256 799 111.
1283 767 1386 812 Ligu.
1413 768 1486 802 Vit.
1513 781 1591 814 pag.

240 834 427 859 CCCCXIII.
446 836 487 857 ex
505 824 560 857 Jo.
579 824 721 857 Leslaeo
739 824 797 857 lib.
819 833 870 856 IV.
899 824 993 856 Hist.
1012 823 1101 856 Scot.
1128 823 1194 856 Sed
1219 834 1338 856 vereor
1362 835 1405 856 ne
1430 831 1531 864 erret,
1558 831 1592 858 et

240 892 317 914 eum
344 880 550 913 monachum
572 880 836 912 Benedictinum
865 879 979 918 faciat,
1009 879 1069 923 qui
1095 879 1171 911 aliis
1197 879 1385 922 episcopus,
1412 890 1451 912 eo
1478 882 1592 913 seculo

240 947 307 979 quo
325 937 411 969 acris
430 937 466 968 in
484 935 599 969 Scotia
616 936 814 980 agitabatur
834 936 876 967 de
898 935 1078 968 Paschatis
1096 935 1321 967 celebratione
1347 937 1591 969 controversia.

243 992 320 1035 Ipse
338 993 474 1025 viderit.
525 992 584 1025 An
602 992 658 1024 hic
675 992 806 1035 aliquid
824 991 1009 1034 scripserit,
1027 991 1209 1024 incertum.

290 1048 425 1081 Claruit
443 1049 536 1081 domi
554 1049 590 1080 in
610 1048 725 1081 Scotia
742 1059 832 1080 anno
851 1056 971 1080 DCXL.
1024 1046 1140 1079 Uvion
1158 1047 1232 1079 loco
1250 1047 1400 1080 laudato.
1443 1047 1522 1086 Quo
1540 1048 1594 1081 die

243 1105 316 1149 ejus
334 1105 500 1137 memoria
516 1105 697 1142 recolatur,
715 1114 777 1136 nec
794 1103 879 1136 mihi
898 1103 1127 1145 exploratum.

654 1215 688 1248 S.
716 1214 1050 1248 CHUNIALDUS.
1103 1212 1182 1246 265.

243 1328 276 1360 S.
296 1327 563 1360 CHUNIALDUS
581 1327 770 1370 presbyter,
794 1337 836 1359 ex
854 1326 969 1358 Scotia
986 1326 1022 1357 in
1045 1324 1266 1357 Germaniam
1290 1329 1427 1357 secutus
1445 1324 1480 1357 S.
1500 1325 1595 1358 Rud-

242 1384 378 1416 bertum
397 1382 690 1426 Salisburgensem
709 1382 900 1414 antistitem
927 1381 1089 1423 primum,
1116 1381 1265 1412 multum
1287 1381 1453 1413 momenti
1477 1381 1596 1413 attulit

245 1440 287 1471 ad
305 1440 471 1482 populum
490 1438 699 1470 Christianis
717 1437 842 1470 ritibus
860 1436 1094 1469 imbuendum.
1148 1436 1292 1478 Scripsit

388 1494 479 1527 Acta
496 1493 667 1526 Rudberti
686 1493 849 1537 Magistri
1121 1492 1179 1525 lib.
1200 1500 1224 1524 1.
1251 1491 1459 1534 Anonymus
1478 1497 1597 1524 auctor

435 1549 538 1582 Vitae
556 1548 590 1581 S.
610 1549 781 1582 Rudberti
798 1560 869 1591 cap.
887 1557 1003 1581 XVIII.
1029 1548 1223 1591 publicatus
1249 1547 1292 1580 ab
1320 1547 1471 1580 Hem-ico
1497 1547 1598 1580 Cani-

438 1606 490 1638 sio
508 1610 591 1637 tom.
611 1613 664 1636 VI.
682 1604 869 1648 Antiquar.
890 1603 1042 1637 Lection.

294 1662 430 1694 Floruit
442 1672 532 1694 anno
544 1669 667 1693 Dexx.
699 1660 834 1693 Colitur
847 1664 986 1693 sanctus
1001 1668 1113 1693 XXIV.
1129 1659 1319 1703 Septembr.
1350 1658 1550 1702 Discipulus
1563 1659 1596 1691 S.

248 1717 441 1765 Eberhardi
460 1718 496 1749 in
509 1716 594 1749 Vita
612 1716 864 1759 Episcoporum
883 1715 1198 1760 Salzburgensium,
1212 1720 1295 1748 tom.
1317 1723 1356 1747 11.
1372 1714 1495 1757 Antiq.
1514 1714 1599 1747 Lec-

247 1774 331 1805 tion.
351 1784 428 1816 pag.
449 1781 566 1805 CCLII.

669 1884 703 1917 S.
731 1882 1036 1917 CONGALLUS.
1088 1881 1166 1915 266.

250 1996 283 2027 S.
320 1995 576 2035 CONGALLUS,
611 1996 716 2029 abbas
750 1995 949 2028 monasterii
983 1994 1076 2026 illius
1110 1993 1326 2032 nobilissimi,
1362 1993 1454 2036 quod
1489 1991 1602 2025 Hali-

252 2048 345 2083 mode
374 2056 551 2090 vocarunt,
581 2051 731 2084 mirabili
762 2050 943 2083 sanctitate
973 2051 1065 2083 vitae
1095 2049 1223 2082 effulsit
1256 2049 1460 2092 praecipuus
1495 2049 1603 2092 virgi-

249 2106 369 2138 nitatis
399 2107 510 2139 cultor
543 2112 575 2140 et
610 2111 769 2145 assertor,
799 2110 839 2138 ut
866 2106 937 2138 solo
965 2110 1096 2139 attactu
1125 2105 1252 2138 multos
1283 2105 1601 2137 continentissimos

251 2172 293 2194 ex
311 2161 475 2194 dissolute
493 2162 629 2194 lascivis
646 2162 843 2200 reddiderit,
861 2166 901 2194 ut
918 2161 1004 2194 liber
1029 2161 1278 2194 Miraculorum
1304 2161 1413 2203 ipsius
1439 2164 1598 2198 testatur,

253 2227 354 2259 quem
374 2216 545 2249 Patricius
563 2216 789 2249 Andersonus
808 2227 843 2249 se
860 2217 987 2250 vidisse
1005 2217 1134 2250 scribit.
1178 2216 1324 2259 Scripsit

397 2272 579 2315 Trophaea
597 2272 706 2305 Cruce
724 2273 940 2317 signatorum
1085 2272 1143 2305 lib.
1166 2281 1187 2304 1.
1208 2283 1311 2305 versu
1329 2272 1489 2316 eleganti.
1509 2270 1603 2303 Lau-

444 2328 501 2361 dat
522 2327 716 2361 Fordunus.
