1861 2682
585 245 756 277 GENTIS
783 244 1054 281 SCOTORUM,
1081 244 1166 275 LIB.
1192 244 1249 275 VI.
1530 245 1591 274 5287

231 340 277 372 lia
294 338 448 377 docebat,
473 338 729 371 Ambianorum
748 338 882 381 primus
906 338 1118 381 episcopus.”
1169 336 1271 369 Certe
1290 347 1329 368 ea
1346 340 1457 368 aetate
1476 337 1591 368 nullus

233 395 411 428 Hibernus
430 394 531 427 fidem
551 394 682 427 Christi
708 398 917 437 perceperat,
942 398 1003 426 aut
1027 394 1197 437 evangelii
1223 393 1341 425 lumen
1365 397 1591 435 persenserat,

230 456 269 483 ut
297 452 350 483 vel
380 451 463 493 ipsis
491 450 682 483 fatentibus
703 450 884 483 Hirlandis
903 450 1083 488 evincam3
1112 460 1192 481 nam
1218 459 1329 491 neque
1356 447 1392 480 S.
1419 447 1592 480 Patricius

231 506 364 545 Scotus,
383 507 452 539 imo
471 517 532 539 nec
551 507 674 538 ancilla
698 507 756 539 illa
782 506 912 538 Pictica
938 510 1021 537 nata
1046 510 1131 543 erat,
1160 516 1249 547 quae
1274 505 1387 547 prima
1414 503 1592 547 religionis

230 572 332 594 verae
350 563 386 594 in
404 573 479 595 eam
498 563 646 594 insulam
666 563 878 595 mentionem
896 561 1027 600 intulit,
1055 566 1095 593 ut
1123 560 1167 593 R.
1195 560 1405 592 Edmundus
1432 559 1592 602 Campia-

229 628 305 656 nus,
325 629 367 651 ex
385 629 424 650 eo
444 618 564 650 itidem
583 616 716 650 Anton.
736 617 913 662 Magiuus,
933 617 1142 655 Camdenus,
1161 620 1195 650 et
1213 607 1423 656 alin-testati
1440 625 1447 647 :
1474 626 1592 658 super-

230 678 281 706 est
299 674 409 718 igitur
427 675 463 706 in
482 673 598 706 Scotia
615 678 655 705 ut
673 678 776 706 natus
795 674 850 706 sit.
904 672 1052 716 Scripsit

374 729 549 762 Homilias
568 730 611 761 ad
632 729 806 772 Populum
1099 729 1158 762 lib.
1180 738 1204 761 Ι.

375 785 552 828 Epistolas
571 786 613 817 ad
633 786 787 818 diversos
1102 785 1160 818 lib.
1182 794 1206 817 1.

374 841 427 873 De
446 842 626 873 incarnato
644 841 761 874 Verbo
1101 841 1160 873 lib.
1183 849 1207 873 Ι.

278 898 415 930 Floruit
436 908 526 929 anno
545 905 737 930 CCXCVIII.
764 896 945 929 familiaris
965 896 1024 929 SS.
1045 896 1259 941 Guthagono
1284 901 1317 929 et
1340 897 1490 935 Macrae,
1514 907 1591 929 cum

230 954 357 997 quibus
376 953 516 986 videtur
529 952 645 986 Scotia
658 953 867 992 excessisse3
895 963 976 985 nam
994 954 1059 986 sub
1077 953 1196 985 eodem
1214 953 1372 995 praeside
1391 952 1594 986 Rictionaro

229 1015 261 1042 et
283 1010 342 1042 illa
361 1014 394 1042 et
413 1010 478 1041 iste
497 1010 600 1052 passi,
622 1014 656 1042 et
674 1009 813 1052 quidem
838 1009 958 1041 eodem
983 1020 1074 1041 anno
1092 1017 1175 1041 CCC.
1202 1009 1261 1041 sed
1286 1009 1384 1041 vario
1407 1009 1483 1048 die;
1510 1008 1593 1041 haec

232 1074 283 1098 VI.
302 1065 325 1097 J
328 1066 474 1103 aunarii,
493 1070 533 1098 ut
551 1066 587 1098 in
607 1065 862 1109 Martyrologio
878 1065 1048 1103 Romano,
1066 1065 1131 1097 iste
1147 1072 1244 1096 XXV.
1260 1063 1434 1107 Septemb.
1460 1064 1591 1097 Molan.

231 1122 273 1154 ad
292 1121 505 1154 Usuardum.
543 1120 649 1154 Ghin.
684 1120 774 1154 Acta
798 1121 957 1154 eeclesiae
977 1120 1236 1160 Ambianensis,
1263 1131 1352 1163 quae
1369 1121 1451 1153 olim
1470 1120 1594 1153 Ambi-

231 1178 293 1215 tui,
312 1182 346 1210 et
363 1176 474 1221 Legio
492 1185 613 1209 XXIII.

632 1288 667 1321 S.
695 1288 1049 1322 FORANNANUS.
1102 1293 1184 1323 523.

233 1407 254 1421 “
272 1402 306 1435 S.
327 1402 620 1440 FORANNANUS,
645 1401 923 1445 archiepiscopus
946 1401 1159 1440 Scotorum,”
1185 1403 1235 1435 ait
1253 1402 1416 1435 Molanus
1435 1402 1593 1435 Indiculo

230 1458 437 1491 Sanctorum
455 1458 570 1502 Belgii
588 1469 667 1503 pag.
687 1466 784 1490 XXV.
804 1457 867 1490 hoc
886 1462 948 1497 est,
966 1463 1006 1491 ut
1024 1459 1082 1490 illo
1107 1469 1192 1491 aevo
1216 1459 1458 1501 loquebantur,
1486 1459 1594 1491 maxi-

231 1525 308 1547 mus
327 1514 508 1547 Scotorum
528 1514 719 1557 episcopus.
756 1513 926 1546 Boethius
940 1519 975 1547 et
988 1515 1058 1547 alii.
1095 1514 1230 1547 Eodem
1248 1515 1350 1547 modo
1364 1515 1424 1547 SS.
1444 1515 1594 1547 Livinus

232 1576 265 1603 et
293 1570 489 1603 Rumoldus
516 1570 698 1603 Scotorum
725 1569 973 1613 archiepiscopi
999 1571 1175 1609 dicuntur,
1202 1581 1273 1603 non
1298 1572 1390 1614 quod
1417 1582 1456 1604 ea
1482 1575 1594 1603 aetate

230 1627 382 1670 dignitas
401 1638 441 1659 ea
459 1626 633 1664 instituta,
656 1630 717 1658 aut
741 1626 887 1668 pallium
912 1637 1122 1665 concessum,
1151 1627 1209 1659 sed
1240 1626 1324 1670 quia
1348 1627 1407 1660 isti
1432 1627 1592 1660 omnibus

230 1683 307 1715 aliis
342 1682 510 1725 episcopis
545 1682 774 1725 imperabant,
809 1686 849 1714 ut
884 1683 1123 1725 metropolitae
1159 1683 1231 1715 suis
1266 1683 1518 1727 suffraganeis3
1561 1689 1593 1716 et

229 1739 314 1782 quid
336 1739 428 1783 juris
454 1738 511 1771 hic
538 1738 749 1771 Hirlandis?
776 1739 836 1782 qui
863 1749 924 1770 nec
950 1743 1104 1781 tempore
1132 1738 1166 1771 S.
1195 1739 1396 1772 Forannani
1422 1750 1484 1772 nec
1510 1748 1593 1772 CCC.

229 1800 308 1839 post
337 1795 438 1828 annis
467 1795 742 1837 archiepiscopos
768 1795 857 1827 ullos
883 1799 1096 1837 receperunt,
1123 1799 1164 1828 ut
1190 1806 1232 1828 ex
1258 1795 1495 1828 illustrissimo
1526 1795 1594 1828 Ba-

230 1852 330 1885 ronio
357 1856 391 1884 et
409 1850 665 1884 Flateburiensi
692 1851 837 1894 probavi
864 1850 923 1883 lib.
945 1859 986 1883 11.
1010 1850 1182 1894 Apparat.
1202 1863 1277 1895 cap.
1297 1860 1414 1884 XVIII.
1467 1851 1532 1884 Sed
1551 1852 1595 1884 ad

230 1907 264 1940 S.
292 1908 406 1946 redeo,
435 1908 477 1940 de
505 1918 574 1950 quo
605 1907 858 1940 Constantinus
889 1905 1040 1939 Ghinius
1067 1918 1146 1952 pag.
1174 1916 1309 1940 XXIIX.
1338 1912 1358 1926 ‘⁶
1382 1907 1593 1941 Walsiodori

231 1964 402 2006 depositio
422 1963 463 1995 B.
484 1963 684 1996 Forannani
704 1963 867 2006 episcopi,
890 1963 951 2005 qui
976 1963 1013 1995 in
1037 1962 1153 1996 Scotia
1171 1964 1279 1996 nobili
1297 1964 1458 2007 prosapia
1477 1965 1594 1997 oriun-

231 2020 306 2057 dus,
326 2019 466 2061 optimis
484 2019 649 2058 moribus,
671 2023 705 2052 et
722 2019 832 2051 literis
851 2018 1018 2057 imbutus,
1036 2019 1072 2051 in
1090 2021 1219 2053 clerum
1238 2021 1377 2058 ascitus,
1403 2020 1471 2053 fuit
1489 2021 1594 2053 etiam

231 2075 359 2107 ibidem
382 2079 599 2107 consecratus
618 2075 816 2117 episcopus;
842 2075 922 2107 inde
940 2080 1029 2108 nutu
1047 2080 1082 2108 et
1105 2076 1235 2109 auxilio
1260 2076 1379 2109 divino
1404 2077 1440 2109 in
1464 2076 1594 2110 Gallias

232 2132 338 2169 venit,
368 2136 401 2163 ct
429 2131 564 2173 primus
590 2131 694 2163 abbas
721 2131 848 2163 electus
871 2135 923 2163 est
940 2130 1052 2164 Vallis
1070 2131 1255 2165 Decorae.’'
1306 2132 1419 2165 Miror
1436 2134 1520 2176 quid
1539 2134 1595 2166 hic

234 2187 428 2219 Hirlandus
455 2187 637 2225 mendicet,
663 2197 742 2219 cum
767 2197 885 2220 omnes
903 2197 945 2220 ex
965 2187 1093 2221 tabulis
1117 2187 1428 2222 Valvidorensibus
1453 2188 1594 2223 Scotum

234 2248 401 2277 asserant.
452 2242 600 2285 Scripsit

377 2299 559 2332 Sermones
577 2299 613 2331 in
634 2298 835 2332 Passionem
1105 2300 1164 2333 lib.
1185 2309 1209 2333 1.

880 2357 901 2387 2
922 2363 941 2386 P
