1861 2682
274 236 336 265 208
644 236 870 268 HISTORIA
894 237 1259 269 ECCLESIASTICA

275 327 402 360 (lreano
420 327 585 371 Catalogo
603 329 644 360 de
661 329 720 360 illa
738 328 887 360 ecclesia.
926 328 1077 360 Celebris
1095 328 1138 360 ad
1155 329 1248 361 illius
1266 329 1303 360 in
1321 328 1446 361 Rossia
1463 330 1625 372 reliquias

275 383 518 427 peregrinatio.
545 383 568 415 J
571 376 650 415 oan.
663 383 753 415 Lesl.
767 383 825 415 lib.
841 391 927 415 VIII.
942 394 1020 426 pag.
1036 391 1233 415 CCXXVIII.
1260 383 1398 425 Oppido
1412 383 1537 417 Thana
1547 387 1625 418 coli-

275 442 332 469 tur
358 446 443 470 V111.
475 438 608 476 Martii,
639 438 881 471 Calendarium
907 437 1035 470 Adami
1062 437 1175 481 Regii,
1202 443 1237 470 et
1261 438 1467 472 miraculum
1493 440 1624 473 brachii

274 502 329 525 XI.
349 492 497 535 Septem.
516 493 640 526 Boeth.

678 588 712 621 S.
739 585 1089 620 DONEVALDUS.
1142 589 1223 624 379.

272 658 306 691 S.
341 657 618 691 DONEVALDUS
652 660 784 701 primus
815 658 954 690 videtur
983 658 1074 690 inter
1107 658 1224 691 Pictos
1258 663 1292 691 et
1323 658 1452 698 Scotos,
1488 660 1548 702 qui
1583 671 1624 692 ex

272 713 396 746 coelibe
422 714 628 746 anachoreta
652 714 764 746 factus
787 718 896 746 totam
922 713 1089 745 familiam
1115 714 1225 746 eidem
1251 714 1343 747 vitae
1368 716 1485 759 generi
1512 716 1624 757 piissi-

269 779 346 801 mus
373 769 516 801 addixit.
569 769 615 801 H.
644 769 767 802 Boeth.
794 770 853 803 lib.
873 777 910 801 X.
939 768 1032 801 Hist.
1060 768 1151 802 Scot.
1178 780 1257 814 pag.
1283 778 1435 803 CLXXX.
1463 775 1484 789 ‘⁶
1501 771 1624 804 Valuit

269 824 455 866 plurimum
482 824 525 856 ad
552 826 814 858 commovendos
841 826 883 858 ad
909 827 1071 867 pietatem
1097 825 1253 857 homines
1279 824 1472 858 Donevaldi
1498 826 1622 859 Scotici

269 879 448 923 sanguinis
468 880 534 911 viri
553 881 728 919 sanctitas,
753 881 811 923 qui
836 881 872 912 in
896 880 1081 912 solitudine
1104 880 1233 924 Ogilbi,
1256 892 1316 914 sex
1337 892 1444 924 prope
1470 882 1623 914 millibus

267 945 431 977 passuum
443 936 486 968 ab
497 935 619 968 Alecto
633 937 769 978 oppido,
782 937 873 968 inter
886 936 1001 968 Pictos
1013 936 1104 968 vitae
1119 930 1346 969 sanctimonia
1359 937 1506 980 insignis
1521 938 1620 970 vixit.

268 989 361 1022 Huic
386 1001 509 1023 novem
534 995 631 1023 erant
654 991 773 1023 filiae.'’
823 991 912 1024 Vide
929 1002 1016 1034 quae
1035 996 1239 1033 sequuntur.
1291 992 1405 1024 Multa
1423 992 1464 1024 de
1482 1004 1521 1025 eo
1540 993 1620 1025 alibi

267 1056 382 1078 rerum
407 1047 614 1079 nostratium
640 1047 833 1089 scriptores,
857 1047 916 1079 sed
938 1058 1020 1090 prae
1044 1048 1120 1079 aliis
1146 1047 1343 1086 Fordunus,
1370 1048 1429 1090 qui
1453 1049 1620 1090 quaedam

267 1101 309 1133 ab
335 1112 373 1133 eo
399 1107 596 1144 perpetrata
622 1103 787 1135 miracula
811 1107 990 1135 memorat.
1042 1103 1188 1145 Scripta,
1214 1107 1255 1136 ut
1280 1108 1375 1145 puto,
1402 1104 1619 1141 interierunt,

265 1157 293 1188 si
312 1167 399 1198 quae
417 1157 579 1189 ediderat.

314 1211 451 1244 Floruit
474 1213 538 1244 sub
563 1212 723 1256 Eugenio
747 1212 829 1246 VII.
854 1212 1046 1252 Scotorum,
1070 1218 1104 1246 et
1128 1212 1308 1246 Gai-nardo
1331 1213 1507 1246 Pictorum
1531 1214 1619 1257 regi-

265 1267 328 1299 bus
347 1277 436 1299 anno
455 1275 633 1299 DCCXVH.
652 1267 806 1300 Annales
825 1268 961 1301 Scotici.
985 1269 1040 1301 Jo.
1060 1268 1223 1301 Leslaeus
1246 1269 1304 1301 lib.
1325 1276 1376 1300 IV.
1399 1279 1478 1312 pag.
1498 1277 1617 1302 CLXV.

266 1321 343 1360 Hic,
361 1326 401 1354 ut
419 1323 520 1355 multi
538 1323 607 1361 alii,
626 1323 872 1366 Martyrologii
890 1323 1040 1355 Romani
1059 1323 1185 1356 tabulis
1203 1334 1273 1355 non
1290 1328 1342 1356 est
1360 1324 1540 1366 ascriptus.

684 1416 718 1449 S.
745 1416 1054 1449 DUFFLANUS.
1107 1419 1187 1450 380.

264 1488 297 1521 S.
317 1488 565 1521 DUFFLANUS
583 1490 682 1522 sociis
701 1489 827 1521 sanctis
846 1489 979 1521 duobus
1003 1488 1186 1521 Macbeath
1210 1492 1244 1521 et
1266 1488 1549 1532 Magilmumene,
1575 1501 1617 1523 ex

263 1544 385 1576 insulis
404 1544 546 1577 Scoticis
565 1545 680 1583 solvit,
700 1545 828 1577 scilicet
843 1555 884 1576 ex
899 1544 994 1583 Iona,
1010 1549 1054 1583 et,
1070 1545 1229 1577 manibus
1244 1545 1393 1587 propriis
1410 1544 1502 1578 facto
1520 1546 1617 1578 navi-

262 1600 331 1643 gio,
356 1601 398 1632 ad
416 1599 614 1632 Aelfridum
637 1599 786 1644 Angliae
809 1611 924 1643 regem
949 1600 1062 1638 venit3
1090 1600 1169 1632 inde
1192 1599 1340 1632 Romam
1363 1600 1616 1644 peregrinantis

264 1655 386 1688 habitu
404 1666 443 1688 ac
460 1660 577 1697 postea
596 1657 667 1688 loca
687 1660 805 1688 sancta
828 1656 923 1694 adiit,
949 1656 1224 1698 dominicamque
1247 1656 1441 1697 passionem
1465 1660 1617 1688 contem-

263 1712 387 1753 platus,
406 1712 443 1743 in
460 1711 584 1749 reditu,
603 1712 722 1755 ignoto
740 1713 823 1749 loco,
842 1711 1036 1753 deponitur,
1054 1711 1160 1743 tantis
1179 1710 1352 1742 miraculis
1366 1711 1488 1749 clarus,
1508 1721 1615 1753 quan-

262 1771 298 1798 ta
315 1767 500 1798 maximam
520 1777 597 1798 cum
620 1766 695 1799 Deo
717 1767 992 1811 conjunctionem
1016 1767 1216 1809 loquuntur.
1269 1765 1483 1809 Reginaldus
1507 1767 1614 1798 cardi-

261 1822 348 1854 nalis
366 1822 415 1854 ait
433 1832 488 1854 eos
507 1822 549 1854 ad
575 1822 689 1854 sedem
707 1822 932 1855 Sodorensem
949 1826 1128 1864 spectasse,
1153 1821 1267 1863 ibique
1286 1821 1475 1853 sacerdotes
1493 1820 1611 1853 factos.

261 1876 405 1920 Scripsit

404 1933 458 1965 De
476 1933 576 1965 Locis
595 1934 700 1966 sacris
1078 1931 1136 1963 lib.
1157 1940 1180 1962 1.

311 1988 498 2030 Depositus
517 1993 568 2021 est
586 2000 676 2021 anno
696 1997 894 2020 DCCCXCII.
946 1986 1190 2019 Ethelwerdus
1208 1986 1266 2018 lib.
1288 1995 1338 2018 IV.

747 2099 782 2130 S.
809 2097 993 2130 DWINA.
1047 2099 1127 2130 381.

262 2211 295 2243 S.
323 2211 477 2250 DWINA,
509 2222 569 2243 seu
595 2210 722 2248 Duina,
753 2214 813 2242 aut
842 2208 963 2247 Dinas,
994 2213 1055 2242 aut
1080 2208 1244 2241 Diurnas.
1271 2207 1499 2241 Demochares
1526 2213 1608 2240 tom.

263 2276 313 2300 IV.
333 2279 410 2311 pag.
431 2275 569 2299 CXXIV.
589 2271 609 2284 ‘⁶
627 2265 785 2298 Aidanus
804 2264 964 2303 Sinanus,
984 2264 1181 2302 Colmanus,
1199 2263 1345 2302 Diurna,
1364 2263 1511 2302 Cellach,
1530 2262 1608 2296 Sco-
