1861 2682
607 245 777 277 GENTIS
801 242 1072 279 SCOTORUM,
1098 242 1184 273 LIB.
1210 242 1248 272 V.
1550 241 1608 272 ,⁶261

255 338 347 371 Flor.
368 338 567 381 Exemplor.
587 339 641 371 tit.
661 347 743 370 XLI.
765 336 780 384 ςῐ
801 347 857 370 IX.
910 336 998 381 Ejus
1017 335 1141 369 merita
1159 335 1195 367 in
1213 334 1326 378 majus
1345 334 1479 366 extollit
1504 333 1547 365 R.
1568 334 1607 366 P.

253 394 424 439 Georgius
443 394 709 437 Elphinstonus‚
727 394 882 438 ejusdem
901 392 1075 425 societatis
1093 390 1312 424 doctissimus
1334 389 1526 434 theologus,
1549 390 1609 432 qui

252 451 313 483 diu
331 461 456 494 niagno
475 451 645 493 applausu
670 451 705 482 in
732 449 918 482 Germania
941 447 1128 491 professus,
1155 456 1247 479 nunc
1271 444 1453 478 Scotorum
1477 445 1608 478 Romae

251 506 397 550 Collegii
415 511 467 539 est
485 507 762 549 sapientissimus
781 506 986 538 moderator.

300 560 397 594 Obiit
415 572 505 594 anno
525 570 716 594 MDxcvn.

739 672 984 706 EREMITA.
1037 674 1117 705 481.

255 784 449 818 EREMITA
475 786 616 829 quidam
643 786 765 819 Scotus
793 787 980 831 imaginem
1006 785 1178 828 Deiparae
1205 784 1362 830 Virginis
1388 784 1606 818 Lauretanae

253 841 406 875 humeris
423 843 495 875 suis
513 843 549 874 in
567 842 729 881 Scotia1n‚
749 843 869 875 divina
886 842 1095 875 revelatione
1113 842 1323 880 admonitus,
1341 841 1550 884 deportavit,
1576 846 1610 874 et

254 897 493 942 Mussilbuigi,
517 903 642 942 quarto
660 910 680 931 a
698 899 794 942 regia
816 897 1037 942 Edimburgo
1054 898 1179 941 lapide,
1205 898 1290 930 villa
1307 897 1425 931 Sancti
1443 897 1609 931 Germani

253 954 422 996 deposuit,
449 955 492 987 ad
515 965 619 997 quam
644 959 718 987 toto
742 965 859 998 regno,
887 958 990 996 atque
1016 954 1121 986 etiam
1147 965 1190 987 ex
1215 953 1358 998 Anglia,
1382 954 1609 987 creberrimus

253 1009 390 1051 piorum
420 1010 601 1042 hominum
628 1021 824 1049 conclu-sus,
853 1014 887 1043 et
913 1010 1063 1043 solennis
1089 1010 1335 1055 peregrinatio.
1362 1010 1418 1044 Jo.
1445 1010 1610 1043 Leslaeus

253 1065 310 1097 lib.
333 1074 386 1098 IX.
407 1066 501 1099 Hist.
521 1066 612 1099 Scot.
631 1078 709 1111 pag.
735 1075 937 1099 CCCCXLII.
990 1066 1137 1109 Scripsit

398 1121 641 1155 Revelationes
659 1134 739 1155 suas
1122 1122 1180 1156 lib.
1201 1131 1225 1155 Ι.

301 1177 426 1209 Delata
443 1182 495 1210 est
512 1178 556 1210 ab
573 1190 612 1211 eo
629 1179 745 1222 imago
764 1190 818 1212 an.
833 1187 1014 1211 MDXXXI.
1049 1178 1226 1212 Existimo
1239 1179 1332 1212 hunc
1345 1184 1379 1212 et
1392 1179 1609 1214 monachum,

252 1238 284 1265 et
303 1233 434 1265 ordinis
453 1233 678 1267 Ereinitanae
695 1235 739 1266 D.
761 1235 980 1278 Hieronymi,
1005 1235 1097 1278 quod
1121 1236 1178 1268 ille
1201 1236 1286 1268 ordo
1309 1235 1426 1269 Sancti
1445 1234 1609 1268 Germani

252 1289 453 1322 coenobium
475 1289 629 1328 haberet,
650 1290 736 1323 viris
754 1291 864 1323 doctis
883 1297 915 1324 et
934 1292 1062 1324 sanctis
1081 1291 1221 1324 celebre.

710 1457 744 1491 S.
772 1457 1020 1491 EMERITA.
1073 1460 1156 1491 482.

252 1570 287 1601 S.
320 1569 527 1608 EMERITA,
555 1569 655 1614 virgo
689 1570 820 1614 regina,
846 1571 937 1615 regis
964 1571 1068 1614 primi
1095 1571 1286 1605 Christiani
1313 1572 1348 1605 S.
1376 1571 1477 1605 Lucii
1502 1583 1609 1611 soror,

251 1637 339 1669 quae
357 1637 427 1658 una
444 1636 521 1658 cum
540 1636 621 1670 rege
647 1625 754 1659 fratre
779 1627 985 1660 auctoritate
1011 1628 1199 1670 apostolica
1224 1629 1379 1662 converti
1406 1630 1543 1668 meruit,
1570 1635 1609 1662 ut

251 1682 310 1714 lib.
330 1691 385 1714 XI.
405 1682 441 1714 in
459 1681 493 1714 S.
514 1680 623 1714 Lucio
641 1687 811 1725 apertum.
864 1683 960 1716 Haec
977 1694 1080 1726 porro
1098 1685 1197 1716 illum
1214 1685 1251 1717 in
1277 1685 1458 1718 Helvetios
1482 1690 1609 1723 secuta,

251 1738 348 1782 regio
366 1737 507 1781 fastigio
522 1738 756 1771 voluntariam
770 1740 936 1781 praetulit
950 1744 1190 1782 paupertatem
1204 1753 1214 1781 3
1235 1746 1269 1773 et
1282 1751 1361 1773 cum
1375 1742 1430 1784 pie
1444 1742 1491 1774 ibi
1505 1743 1611 1774 vixis-

251 1799 313 1833 set,
333 1795 494 1838 religioso
512 1793 579 1826 fine
598 1794 751 1826 eremitis
769 1794 923 1832 decessit,
942 1796 1069 1838 oppido
1088 1784 1286 1829 Trimontio
1304 1799 1449 1840 sepulta,
1468 1803 1507 1830 ut
1531 1809 1607 1830 cuin

252 1851 327 1892 ipsa
344 1850 489 1882 veritate
508 1855 682 1882 testantur
699 1855 855 1883 auctores
874 1851 933 1896 lib.
953 1860 1008 1884 XI.
1027 1852 1064 1884 in
1082 1852 1191 1885 Lucio
1209 1853 1301 1885 infra
1319 1855 1494 1886 laudandi.

300 1906 466 1948 Deposita
480 1910 532 1938 est
547 1917 636 1938 anno
651 1915 852 1938 CLXXVIII.
891 1906 1029 1940 Colitur
1043 1917 1156 1941 XXVI.
1172 1908 1270 1941 Maii.
1303 1909 1477 1943 Molanus.
1509 1909 1544 1942 A
1561 1911 1607 1943 le-

250 1967 331 2006 gato
349 1961 524 2004 pontificio
542 1963 686 1995 salutari
705 1963 798 1995 unda
812 1962 952 2005 perfusa
968 1972 1025 1996 111.
1044 1964 1207 1997 Decemb.
1243 1964 1493 1999 Constantinus
1506 1966 1605 2000 Felix

252 2018 552 2061 Ephemeridibus.

645 2130 910 2165 ROBERTUS
937 2132 1091 2166 ELLIS.
1143 2136 1223 2167 483.

252 2244 467 2275 Romzm—cs
502 2243 602 2282 Ellis,
645 2244 795 2277 vicarius
838 2245 1053 2288 episcopatus
1096 2246 1333 2285 Cathenensis‚
1378 2249 1431 2281 vir
1473 2260 1512 2281 eo
1553 2259 1601 2281 se-

250 2301 325 2332 culo
369 2310 466 2332 rarae
507 2299 694 2337 doctrinae,
744 2300 1019 2343 incomparabilis
1066 2304 1326 2342 aestimationis,
1369 2315 1410 2337 ex
1453 2304 1601 2337 Albione
