1861 2682
646 264 816 297 GENTIS
841 265 1110 307 SCOTORUM,
1134 269 1221 302 LIB.
1245 273 1288 304 11.
1606 280 1646 310 93

337 353 472 387 Claruit
492 364 583 388 anno
602 363 806 390 Dcxxxul.
833 357 969 393 Colitur
991 362 1028 394 in
1051 361 1167 396 Scotia
1189 364 1226 396 in
1249 363 1468 411 Lesmohago
1492 375 1546 400 lx.
1572 369 1646 401 Au-

286 410 379 451 gusti
393 419 402 447 ;
428 414 514 452 puto
531 410 574 444 ob
591 411 794 454 importatas
813 425 852 448 eo
869 415 924 448 die
941 416 1104 460 reliquias
1117 419 1160 452 de
1176 420 1252 464 ejus
1269 421 1460 463 sepulchro.
1481 422 1643 457 Malmes-

287 464 457 499 buriensis
475 465 534 499 lib.
555 475 606 499 lv.
625 466 722 501 Gest.
741 468 872 503 Pontif.
891 481 970 516 pag.
990 480 1108 505 CXLV.

719 580 754 614 S.
781 581 845 615 ΒΕ
851 582 1086 618 NEDICTA.
1138 585 1217 620 165.

283 689 316 720 S.
337 688 592 729 BENEDICTA,
611 691 864 727 Ursulanarum
882 705 961 734 una,
979 697 1079 741 cujus
1097 699 1296 732 memoriam
1316 711 1427 745 nuper
1451 703 1488 736 in
1509 704 1645 747 Marty-

283 745 414 788 rologio
436 744 597 780 Canisius
620 748 821 788 vindicavit,
844 761 906 783 nec
929 752 1029 794 plura
1052 753 1094 785 de
1117 764 1157 786 ea
1179 755 1220 787 ad
1245 766 1300 788 me
1317 767 1514 800 pervenere.
1567 760 1643 793 Cla-

283 800 353 833 ruit
371 812 462 835 anno
480 810 615 836 CDLIV.
667 803 804 838 Colitur
822 816 899 839 cum
919 808 1061 851 reliquis
1079 817 1165 843 XXI.
1185 810 1358 846 Octobris.

750 917 784 949 S.
812 917 1034 952 BRIGIDA.
1088 920 1167 954 166.

281 1024 314 1056 S.
343 1025 522 1059 B111G1DA
548 1027 656 1072 virgo,
680 1029 722 1062 de
746 1040 815 1072 qua
837 1041 914 1064 cum
939 1038 1046 1076 agant
1071 1039 1147 1067 acta
1174 1037 1333 1070 ecclesiae
1360 1038 1584 1080 Faesulanae,
1609 1048 1642 1075 et

280 1079 362 1114 Vita
380 1082 414 1114 S.
433 1081 594 1116 Andreae
613 1083 706 1117 Scoti
724 1085 967 1126 archidiaconi,
985 1099 1006 1120 a
1025 1088 1189 1133 Philippo
1206 1091 1361 1127 Villanio
1380 1094 1584 1129 Florentino
1602 1099 1643 1129 li-

280 1137 362 1168 teris
386 1138 560 1176 mandata,
584 1144 617 1171 et
641 1140 783 1183 insuper
809 1141 1014 1177 Franciscus
1039 1144 1222 1180 Cattanius
1248 1148 1430 1184 Diacettus
1448 1152 1640 1196 episcopus,

277 1190 439 1224 Silvanus
458 1192 623 1232 Razzius,
643 1200 678 1227 et
695 1196 765 1234 alii,
783 1207 847 1240 ego
865 1202 981 1232 tamen
999 1201 1071 1234 sola
1089 1202 1194 1235 verba
1213 1203 1367 1248 Philippi
1386 1206 1552 1245 Ferrarii,
1572 1211 1638 1242 viri

276 1247 498 1286 ornatissimi,
525 1253 629 1292 atque
655 1250 782 1283 iterum
809 1253 940 1285 ordinis
967 1254 1154 1290 Servorum
1180 1262 1361 1302 generalis,
1394 1273 1567 1306 apponam
1598 1276 1640 1297 ex

276 1302 410 1335 Sanctis
428 1302 561 1343 Italiae,
579 1315 659 1350 pag.
679 1314 793 1339 LXIX.
821 1311 842 1325 ‘⁶
859 1307 1006 1352 Brigida
1021 1311 1132 1356 virgo,
1157 1313 1192 1346 S.
1210 1314 1373 1351 Andreae
1395 1318 1530 1352 diaconi
1555 1320 1640 1353 Fae-

276 1358 387 1391 sulani
405 1368 513 1398 soror,
531 1364 566 1393 et
582 1360 658 1404 ipsa
677 1362 822 1395 seculari
842 1362 916 1396 vita
932 1366 1052 1399 relicta
1069 1368 1308 1412 virginitatem
1326 1383 1424 1406 suam
1442 1374 1518 1408 Deo
1532 1378 1640 1415 vovit,

275 1415 374 1457 eique
391 1419 466 1448 toto
483 1416 583 1448 corde
597 1416 778 1457 inserviit;
798 1429 875 1452 cum
895 1424 1011 1454 autem
1029 1421 1173 1457 fratrem
1187 1436 1229 1458 ex
1242 1426 1307 1460 hac
1320 1428 1394 1461 vita
1407 1430 1640 1474 migraturum

275 1470 444 1503 divinitus
470 1472 664 1515 accepisset,
691 1485 734 1506 ex
759 1473 875 1508 Scotia
900 1475 1066 1511 Faesulas
1092 1479 1189 1514 brevi
1215 1483 1336 1516 divina
1361 1485 1490 1519 virtute
1516 1488 1639 1527 delata,

275 1525 377 1558 fratri
402 1527 565 1561 morienti
592 1528 728 1563 adfuit:
758 1536 837 1574 post
863 1532 962 1576 cujus
989 1533 1124 1568 obitum
1153 1537 1189 1570 in
1221 1539 1309 1572 silva
1338 1551 1444 1584 supra
1475 1543 1640 1577 Faesulas

274 1581 479 1615 densissima
501 1593 541 1616 ac
562 1583 706 1618 horrida
729 1587 902 1630 reliquum
920 1589 1023 1630 vitae,
1041 1592 1085 1624 ad
1101 1593 1260 1627 ultimam
1279 1606 1388 1639 usque
1406 1604 1578 1632 senectam
1596 1601 1639 1633 ab

274 1638 367 1670 omni
385 1639 541 1672 virorum
559 1645 594 1673 et
611 1641 796 1675 mulierum
815 1646 1063 1680 consuetudine
1079 1649 1223 1689 alienae,
1242 1651 1410 1693 confecit3
1429 1656 1569 1688 tandem
1585 1668 1637 1689 as-

273 1694 381 1727 siduis
400 1695 541 1739 vigiliis,
554 1696 712 1741 jejuniis,
730 1698 876 1742 aliisque
893 1703 1046 1744 corporis
1063 1706 1364 1747 macerationibus,
1383 1713 1417 1742 et
1434 1711 1534 1744 annis
1558 1724 1638 1757 gra·

273 1755 364 1788 vata,
389 1751 556 1796 migravit
579 1753 622 1785 ad
646 1763 822 1796 sponsum,
849 1766 888 1788 ac
912 1757 1088 1793 miraculis
1113 1761 1248 1802 claruit,
1275 1764 1330 1796 cui
1355 1765 1392 1798 in
1418 1767 1536 1800 eodem
1564 1769 1636 1801 loco

271 1806 439 1848 templum
465 1807 501 1839 in
527 1818 633 1851 opaco
658 1814 856 1843 extructum
882 1817 917 1845 et
941 1814 1094 1848 dicatum
1120 1822 1183 1856 est,
1209 1829 1317 1863 eoque
1340 1821 1534 1856 devotionis
1552 1835 1634 1868 ergo

272 1861 401 1894 incolae
418 1862 589 1897 confluere
607 1865 748 1898 solent.”
792 1866 835 1899 In
850 1871 1133 1905 annotationibus
1147 1873 1230 1907 haec
1242 1875 1333 1908 idem
1348 1877 1496 1920 scriptor
1509 1878 1611 1912 habet
1627 1891 1634 1911 z

273 1920 292 1934 ‘⁶
308 1916 403 1951 Haec
416 1918 553 1953 diversa
566 1919 609 1953 ab
623 1932 662 1954 ea
675 1932 762 1964 quae
780 1922 845 1956 hoc
862 1924 917 1957 die
934 1925 971 1958 in
985 1926 1239 1974 Martyrologio
1253 1930 1412 1966 Romano
1426 1935 1633 1975 continetur,

272 1973 350 2005 licet
366 1978 513 2017 utraque
531 1975 630 2021 virgo
649 1976 783 2012 Scotica
800 1980 876 2012 sit.''
920 1980 1040 2021 Porro,
1058 1989 1098 2016 ut
1115 1984 1150 2017 S.
1168 1985 1328 2020 Andreas
1342 1987 1450 2022 frater
1464 1990 1548 2023 viris
1562 2003 1635 2025 mo-

272 2030 459 2062 nasterium
477 2032 631 2065 condidit
648 2032 843 2077 Scopetum,
867 2037 918 2070 ita
939 2038 1023 2071 haec
1048 2040 1142 2073 aliud
1166 2042 1368 2076 mulieribus
1387 2043 1498 2079 Scotis
1522 2052 1632 2081 struc-

273 2090 346 2115 tum
375 2086 537 2128 reliquit;
565 2097 686 2121 verum
712 2089 797 2122 illud
823 2094 996 2127 canonicis
1023 2094 1057 2128 S.
1085 2095 1276 2131 Salvatoris
1302 2104 1382 2133 ante
1408 2109 1490 2134 ccc.
1523 2114 1631 2137 annos

272 2140 383 2177 cessit,
398 2141 488 2174 unde
502 2142 552 2175 illi
566 2142 741 2187 Scopetini
760 2147 928 2188 audiunt3
955 2150 1050 2184 istud
1068 2152 1117 2185 ita
1135 2155 1295 2194 exolevit,
1314 2162 1354 2188 ut
1372 2162 1450 2199 post
1468 2158 1632 2192 Faesulas

270 2206 290 2227 a
308 2195 509 2230 Florentino
527 2198 660 2232 dirutas
677 2201 773 2234 nulla
789 2205 956 2237 memoria
973 2207 1139 2241 extiterit.
1191 2209 1328 2254 Scripta
1344 2213 1533 2255 perierluit.

318 2251 509 2286 Sanctitate
533 2255 657 2288 claruit
680 2266 771 2290 anno
795 2266 942 2292 Decen.
967 2272 1075 2305 eoque
1099 2265 1266 2299 miraculo
1283 2267 1395 2301 delata
1412 2269 1449 2302 in
1468 2268 1627 2308 Italiam3

271 2307 408 2349 quando
426 2308 522 2349 obiit,
541 2321 610 2344 non
628 2313 750 2355 reperi.
802 2313 938 2349 Colitur
956 2326 980 2350 1.
1000 2317 1192 2354 Februarii.
