1861 2682
586 277 757 310 GENTIS
782 275 1052 314 SCOTORUM,
1078 276 1164 307 LIB.
1192 275 1265 307 VII.
1540 278 1600 307 303

240 382 324 405 num
352 371 427 415 ejus
454 371 625 410 Historia,
654 381 724 404 non
750 369 920 403 succurrit
945 380 966 402 a
990 380 1060 413 quo
1084 368 1256 412 pontifice,
1288 379 1350 401 nec
1379 379 1448 411 quo
1476 370 1600 401 seculo.

237 428 327 472 EJus
345 432 398 461 est

381 483 541 516 Historia
559 482 693 516 Scotiae
1143 480 1202 513 lib.
1223 490 1247 513 1.
1284 480 1473 525 Catalogus
1485 480 1599 513 Maiae

429 539 521 582 apud
539 538 561 571 J
564 550 612 571 ac.
632 538 868 581 Cheynaeum.

381 594 517 627 Foedus
532 595 622 627 inter
636 594 749 639 Reges
764 593 898 628 Scotiae
912 598 945 627 et
959 593 1128 627 Franciae
1145 593 1206 627 lib.
1226 601 1250 625 Ι.
1269 592 1389 626 laudat
1408 593 1498 626 idem
1514 592 1598 626 For-

428 651 555 683 dunus.

380 706 433 740 De
450 705 618 750 Episcopi
636 705 758 739 Officio
1146 705 1204 740 lib.
1225 714 1249 739 1.

284 763 447 797 Florebat
464 773 555 796 anno
574 770 778 796 Deccxxx.

670 874 704 907 S.
733 873 1030 908 GILBERTUS.
1081 873 1163 909 562.

235 989 313 1021 SUB
341 988 542 1021 Alexandro
572 986 640 1020 III.
670 997 750 1031 rege
780 987 898 1020 vixere
922 987 1000 1026 viri,
1027 992 1061 1020 et
1087 988 1180 1021 vitae
1205 988 1400 1027 sanctitate,
1426 993 1461 1021 et
1486 990 1598 1021 erudi-

238 1045 331 1078 tione
356 1045 521 1089 insignes,
547 1044 597 1076 ait
616 1043 661 1075 H.
679 1043 804 1076 Boeth.
825 1043 883 1076 lib.
904 1052 993 1076 xm.
1019 1043 1114 1077 Hist.
1134 1043 1266 1077 Scotor.
1291 1055 1371 1088 pag.
1391 1053 1596 1077 CCLXXXV.

233 1107 267 1135 et
285 1102 321 1134 in
339 1101 394 1134 his
414 1105 434 1119 ‘⁶
453 1099 630 1133 Gilbertus
656 1099 887 1132 Cathanensis
909 1100 1100 1143 episcopus,
1124 1105 1244 1143 postea
1267 1100 1304 1133 in
1326 1101 1488 1134 divorum
1512 1102 1598 1133 rela-

234 1164 291 1190 tus
325 1156 542 1189 numerum.'’
602 1155 651 1188 Et
682 1155 797 1200 pergit
826 1166 929 1198 porro
958 1156 1086 1189 ibidem
1116 1157 1205 1189 loci:
1243 1160 1265 1176 “
1296 1156 1459 1189 Tradunt
1490 1157 1597 1200 aliqui

232 1213 433 1246 Duthacum
459 1212 659 1254 episcopum
685 1211 943 1244 sanctissimum
967 1217 1134 1256 regnante
1158 1211 1360 1246 Alexandro
1386 1212 1433 1245 II.
1459 1213 1597 1250 vixisse,

232 1273 422 1303 asserentes
440 1278 520 1300 eum
537 1267 621 1300 Divi
641 1266 802 1305 Gilberti,
829 1267 1060 1301 Cathanensis
1078 1269 1239 1312 episcopi,
1266 1268 1375 1302 fuisse
1399 1273 1599 1312 praecepto-

232 1335 315 1363 rem,
334 1324 393 1357 sed
410 1324 469 1356 alii
487 1324 603 1366 ipsum
621 1324 723 1367 longe
740 1322 824 1355 haec
841 1326 998 1366 tempora
1015 1325 1240 1368 praecessisse
1258 1324 1445 1358 scribunt.⁷'
1484 1323 1598 1368 Scrip-

232 1384 324 1414 serat
342 1378 522 1412 Gilbertus

374 1435 648 1468 Exhortationes
667 1435 710 1468 ad
729 1434 921 1468 Ecclesiam
939 1445 1038 1469 suam
1202 1436 1262 1469 lib.
1282 1445 1307 1469 1.

375 1491 429 1524 De
447 1491 627 1524 Libertate
646 1490 780 1524 Scotiae
1202 1492 1262 1525 lib.
1284 1501 1309 1525 Ι.

279 1548 416 1582 Claruit
446 1558 538 1580 anno
570 1555 769 1580 mccxmx.
801 1549 856 1580 vel
886 1559 978 1581 anno
1012 1547 1129 1581 verius
1163 1556 1402 1581 MCLXXVIII.
1434 1549 1597 1592 Polydor.

231 1604 332 1649 Virg.
351 1604 410 1637 lib.
430 1612 520 1636 XIII.
542 1602 636 1636 Hist.
656 1602 766 1647 Angl.
790 1614 869 1648 pag.
889 1613 1084 1637 ccxxxiv.
1138 1604 1309 1650 Indignor
1334 1606 1466 1638 nullam
1492 1606 1597 1650 hujus

231 1662 268 1694 in
302 1659 563 1704 martyrologiis
601 1660 814 1692 mentionem
855 1659 940 1698 fieri,
983 1671 1062 1692 cum
1100 1665 1217 1694 tamen
1254 1672 1356 1694 nemo
1393 1662 1598 1695 aeternitate

230 1717 378 1762 dignior,
408 1720 449 1749 ut
478 1717 539 1759 qui
569 1715 765 1748 libertatem
794 1715 953 1748 ecclesiae
984 1715 1148 1755 Scoticae,
1179 1721 1298 1750 tenera
1327 1717 1440 1750 adhuc
1473 1722 1596 1755 aetate,

231 1779 351 1807 contra
384 1772 626 1816 impotentiam
660 1772 858 1815 praesulum
895 1771 1092 1816 Anglorum
1128 1773 1266 1817 egregie
1295 1778 1431 1806 tutatus
1461 1778 1512 1806 est
1543 1784 1597 1806 co-

230 1840 305 1862 ram
324 1828 477 1874 Hugone
500 1828 684 1866 cardinale,
710 1828 771 1871 qui
797 1827 996 1861 Eboracum
1022 1833 1232 1862 conventum
1258 1829 1457 1872 praesulum
1483 1830 1597 1862 indix-

231 1892 305 1919 erat
336 1885 559 1930 corrigendae
592 1885 781 1927 apostolica
810 1884 1018 1917 auctoritate
1051 1885 1212 1917 ecclesiae
1240 1884 1480 1929 Anglicanae;
1518 1885 1596 1918 finis

230 1953 334 1986 porro
351 1941 548 1974 certaminis
565 1940 644 1979 fuit,
663 1944 703 1973 ut
721 1939 814 1973 Scoti
829 1940 1094 1984 archiepiscopis
1112 1941 1184 1974 suis
1198 1941 1389 1974 subessent.
1406 1940 1452 1974 H.
1469 1941 1593 1975 Boeth.

230 1999 290 2032 lib.
306 2006 396 2031 X111.
413 1997 507 2030 Hist.
523 1996 614 2030 Scot.
630 2007 710 2041 pag.
725 2005 924 2030 CCLXXIII.
960 1996 1098 2030 Colitur
1112 1997 1167 2030 die
1182 2006 1206 2030 1.
1222 1996 1368 2040 Aprilis.
1407 1997 1593 2031 Kalendar.

230 2054 360 2087 Adami
379 2053 493 2098 Regii.

667 2164 702 2198 S.
729 2163 1018 2200 GERMANUS.
1072 2165 1154 2201 563.

229 2280 264 2312 S.
296 2278 540 2318 GERMANUS,
570 2278 659 2312 alius
689 2278 732 2311 ab
760 2289 800 2312 eo
829 2289 933 2321 quem
967 2279 1226 2323 supradiximus
1258 2279 1409 2315 Gibirini
1438 2281 1593 2319 fratrem,

229 2341 264 2369 et
296 2335 357 2369 diu
390 2339 469 2379 post
502 2335 603 2368 illum
637 2334 680 2368 ad
714 2335 954 2380 evangelicum
988 2346 1076 2380 opus
1115 2337 1282 2371 accessit:
1323 2337 1436 2371 socius
1472 2341 1506 2370 et
1541 2348 1595 2371 co-

883 2393 904 2424 2
924 2399 940 2423 s
