1861 2682
557 261 727 294 GENTIS
752 257 1021 294 SCOTORUM,
1047 256 1133 287 LIB.
1159 257 1184 286 1.
1507 258 1546 286 23

194 359 347 391 tanniam
376 356 593 398 Scotiamque
624 353 814 397 navigavit,
844 351 922 383 inde
952 360 1029 382 cum
1059 349 1237 393 virginum
1262 348 1366 381 choro
1396 347 1545 381 Romam

193 414 390 456 perductus,
422 410 543 443 iisdem
573 409 756 442 comitibus
786 406 966 440 Coloniam
995 410 1164 443 revectus,
1194 404 1354 447 martyrii
1384 405 1544 447 palmam,

194 469 320 502 tenello
345 477 484 509 corpore
507 467 665 503 lacerato,
689 463 860 507 percepit3
888 462 971 505 quid
993 462 1086 494 enim
1110 461 1203 493 aliud
1227 460 1483 493 sanctissimum
1510 461 1549 492 il-

194 526 266 557 lum
284 523 489 567 sanguinem
507 526 540 554 et
557 521 790 564 pientissimus
809 518 956 562 majores
973 517 1113 550 decebat
1125 516 1141 548 ?

244 579 371 611 Passus
390 589 479 611 anno
498 585 631 610 CDLW.
650 577 775 610 colitur
791 575 846 607 die
864 582 951 606 XXI.
970 573 1111 606 Octobr.
1136 577 1256 606 auctor
1273 577 1326 605 est
1344 572 1469 605 Petrus
1487 571 1545 604 lib.

196 643 250 667 ix.
270 634 425 678 Catalog.
445 644 517 676 cap.
538 641 692 665 xxevn.
744 631 850 663 Plura
867 629 959 662 infra
975 630 1033 662 lib.
1054 638 1123 662 vn.
1142 629 1178 662 in
1196 628 1231 661 S.
1253 626 1439 662 Ger-esim.

696 742 730 775 S.
757 741 943 775 AUREA.
996 743 1051 773 22.

197 856 231 888 S.
250 855 406 893 AUREA,
425 855 524 899 virgo
543 855 727 893 Ursulana,
745 854 781 887 S.
798 853 947 887 Adriani
965 863 1072 891 soror,
1089 853 1181 897 regis
1199 851 1335 885 Siciliae
1358 862 1401 884 ex
1424 851 1458 884 S.
1483 852 1547 884 Ge-

196 912 309 944 resina
326 910 406 948 filia,
424 910 588 943 Coloniae
607 910 649 942 ab
668 909 820 948 Hunnis,
837 913 917 952 post
933 909 1054 952 longos
1072 908 1206 941 labores
1224 907 1369 947 itineris,
1393 918 1489 941 caesa
1512 907 1549 940 in

196 966 305 999 coelos
323 965 473 998 evolavit
487 975 496 1004 ;
523 965 648 998 colitur
665 975 747 997 vero
764 964 892 997 ibidem
909 964 974 996 loci
991 975 1070 997 cum
1089 964 1172 996 suis.

244 1021 351 1054 Passa
376 1027 428 1054 est
453 1032 542 1054 anno
569 1029 704 1053 CDLIV.
732 1029 819 1052 XXI.
845 1019 986 1053 Octobr.
1038 1019 1164 1053 Petrus
1191 1020 1264 1052 loco
1292 1019 1449 1063 proxime
1476 1020 1548 1052 lau-

195 1077 286 1115 dato,
305 1081 339 1109 et
356 1076 551 1109 Chronicon
569 1075 819 1109 Chronicorum
838 1085 880 1108 ex
897 1076 982 1109 actis
999 1075 1214 1109 Coloniensis
1232 1075 1401 1109 ecclesiae.

665 1187 700 1219 S.
727 1186 971 1219 ALBANUS.
1023 1189 1080 1219 23.

196 1298 231 1330 S.
259 1297 464 1336 ALBANUS,
492 1297 585 1341 quod
614 1307 635 1329 a
662 1297 810 1330 vetustis
838 1297 1063 1339 scriptoribus
1089 1297 1282 1331 Britannus
1307 1298 1488 1337 diceretur,
1514 1299 1551 1331 id

196 1355 233 1387 in
249 1365 321 1387 rem
339 1364 437 1386 suam
459 1353 610 1397 maligne
634 1352 743 1397 Angli
768 1356 951 1390 vertentes,
975 1351 1132 1397 Anglum
1150 1364 1168 1385 e
1186 1354 1343 1397 vestigio,
1366 1358 1406 1386 ut
1423 1355 1550 1387 multos

197 1410 291 1448 alios,
310 1420 488 1452 perperam
512 1408 645 1441 fecere:
673 1411 940 1452 cognomentum
967 1407 1190 1441 Verulamius
1213 1409 1256 1442 ab
1279 1409 1405 1452 oppido
1427 1410 1552 1442 sancti-

198 1469 280 1503 tate,
309 1470 349 1498 ut
378 1470 474 1507 puto,
505 1475 567 1497 sua
597 1464 776 1496 celebrato.
838 1462 903 1495 Vir
932 1463 1000 1496 fuit
1030 1474 1100 1497 non
1129 1464 1346 1497 mediocriter
1375 1465 1412 1497 in
1446 1465 1550 1498 sacris

197 1520 306 1553 literis
324 1524 481 1553 versatus
497 1529 504 1552 ε
531 1519 596 1552 sub
612 1518 821 1552 Diocletiani
839 1519 1024 1562 tyrannide
1041 1530 1061 1552 a
1078 1519 1246 1553 Romanis
1264 1520 1433 1553 militibus
1454 1531 1551 1563 prae-

198 1576 347 1608 sidiariis
377 1576 591 1608 truculenter
619 1575 787 1618 martyrio
813 1579 865 1607 est
890 1575 1043 1614 affectus,
1068 1576 1202 1618 primus
1228 1576 1264 1608 in
1290 1586 1330 1608 ea
1354 1576 1467 1609 insula
1492 1577 1551 1620 qui

197 1642 335 1664 causam
361 1630 493 1664 Christi
516 1630 594 1664 fuso
618 1630 786 1674 sanguine
809 1631 978 1670 asseruit3
1005 1642 1067 1664 nec
1090 1632 1274 1675 quisquam
1297 1643 1367 1664 non
1390 1643 1429 1665 eo
1450 1633 1551 1665 modo

198 1688 321 1725 seculo,
339 1687 398 1719 sed
416 1697 477 1720 nec
495 1686 614 1719 multis
633 1690 723 1729 post,
743 1685 963 1719 Christianus
981 1698 1020 1720 eo
1038 1691 1152 1720 tractu
1168 1687 1306 1732 Anglus
1329 1693 1551 1723 memoratur,

198 1748 238 1776 ut
256 1753 392 1776 necesse
410 1743 456 1775 sit
474 1753 553 1775 eum
577 1742 718 1775 Scotum
741 1741 859 1775 fuisse.
909 1742 1043 1775 Deinde
1060 1743 1179 1776 doctor
1195 1743 1305 1786 ipsius
1322 1743 1390 1777 fuit
1407 1743 1552 1777 Sanctus

200 1798 442 1841 Amphibalus,
474 1803 515 1831 ut
543 1798 600 1831 hic
630 1797 731 1830 infra.
793 1797 972 1832 Recolitur
1002 1803 1075 1831 tam
1104 1799 1245 1842 gloriosi
1275 1798 1357 1832 facti
1387 1800 1553 1832 memoria

200 1862 301 1886 XXII.
320 1853 430 1887 Junii.
480 1854 710 1898 Martyrolog.
731 1853 939 1893 Romanum,
960 1853 1083 1886 Franc.
1104 1854 1339 1898 Maurolycus,
1357 1854 1550 1892 Usum-dus,

200 1910 292 1942 Petr.
312 1909 519 1948 Galesinius,
537 1910 598 1953 qui
616 1914 715 1943 notat
732 1920 752 1942 a
769 1909 1031 1942 Coloniensibus
1051 1908 1243 1942 Albuinum
1267 1911 1409 1949 dictum,
1433 1921 1551 1954 perpe-

199 1976 272 1998 ram
288 1975 297 2003 ;
329 1970 363 1998 et
379 1965 574 1999 Venantius
593 1965 807 1999 Fortunatus
823 1975 830 1997 :

492 2020 635 2047 Albanum
649 2019 792 2056 egregium
806 2018 942 2047 foecunda
956 2018 1102 2046 Britannia
1115 2019 1229 2056 profert.

200 2073 305 2106 Gesta
335 2074 410 2117 ejus
441 2074 545 2107 habes
575 2074 667 2117 apud
697 2073 836 2107 Gildam
867 2074 1064 2117 Sapientem
1094 2074 1135 2107 de
1170 2074 1319 2108 Excidio
1349 2075 1552 2109 Britanniae

200 2130 288 2162 circa
305 2129 526 2172 principium,
545 2129 677 2162 Bedam
701 2130 759 2163 lib.
786 2139 810 2162 1.
836 2130 968 2162 Histor.
994 2130 1101 2175 Angl.
1126 2141 1198 2173 cap.
1224 2139 1277 2164 vl.
1301 2139 1371 2164 VII.
1395 2143 1483 2175 quae
1500 2132 1553 2164 fu-

201 2197 235 2217 se
254 2185 297 2217 ab
315 2185 452 2218 Uvione
469 2185 578 2218 literis
596 2190 678 2218 sunt
694 2186 906 2229 consignata,
932 2191 972 2219 ut
997 2190 1145 2219 testatur
1162 2186 1312 2220 Joannes
1332 2187 1493 2220 Molanus
1511 2188 1553 2220 ad

201 2240 353 2273 Usuardi
371 2240 674 2284 Martyrologium.
726 2240 888 2274 Meminit
906 2241 1155 2275 Constantinus
1172 2243 1209 2275 in
1231 2242 1314 2276 Vita
1336 2243 1370 2276 S.
1390 2242 1551 2275 Germani

201 2295 505 2330 Altissiodorensis
523 2295 582 2328 lib.
598 2304 622 2328 1.
638 2307 710 2339 cap.
726 2304 795 2328 xx.
834 2296 971 2339 Scripta
988 2297 1030 2329 ad
1049 2308 1102 2330 me
1120 2309 1189 2331 non
1202 2303 1443 2341 pervenerunt,
1458 2308 1552 2340 prae-
