1861 2682
633 279 804 312 GENTIS
827 277 1097 316 SCOTORUM,
1123 277 1209 309 LIB.
1235 278 1278 309 11.
1597 276 1638 308 67

272 374 464 417 episcopus,
483 373 545 406 sed
562 372 751 406 Murthlaci
770 372 960 411 habendus,
978 371 1132 405 nondum
1150 371 1242 404 enim
1257 381 1366 414 usque
1380 369 1423 402 ad
1437 368 1472 402 S.
1487 368 1634 402 Davidis

274 430 366 475 regis
384 434 540 473 tempora
563 429 780 473 episcopatus
804 428 1004 462 Murthlaco
1027 426 1264 461 Aberdoniam
1283 427 1498 467 translatus:
1524 431 1559 459 et
1584 430 1635 459 ta-

273 495 352 519 men
370 486 517 519 eundem
535 496 685 519 errorem
704 486 741 518 in
759 484 1012 529 Martyrologio
1029 495 1092 517 suo
1110 483 1329 527 transcripsit
1354 483 1479 516 Petrus
1505 482 1638 515 Galesi-

273 541 362 581 nius,
381 542 639 585 protonotarius
658 541 877 584 apostolicus.
929 539 1073 583 Scripsit

418 597 636 630 Documenta
654 597 755 630 Fidei
1194 596 1251 630 lib.
1273 605 1297 629 1.

417 652 603 697 Evangelii
622 652 848 686 Narrationes
1194 653 1252 686 lib.
1274 661 1297 684 1.

417 707 595 751 Epistolas
614 709 657 742 ad
675 709 829 742 diversos
1194 709 1252 742 lib.
1273 717 1296 741 1.

319 764 454 797 Claruit
481 775 572 797 anno
599 773 699 797 MXL.
726 764 791 798 sub
817 765 949 808 optimo
974 775 1054 810 rege
1081 765 1266 798 Malcolmo
1285 764 1332 798 ΙΙ.
1384 764 1507 798 Latius
1525 764 1579 809 egi
1599 765 1634 796 in

270 820 483 854 successione
501 821 661 854 ecclesiae
678 819 948 854 Aberdonensis.

720 989 755 1022 S.
783 989 1047 1023 BERTINUS.
1101 993 1176 1024 125.

269 1101 305 1134 S.
326 1101 546 1140 BERTINUS,
564 1102 669 1136 abbas
688 1102 822 1136 Scotus.
848 1101 1085 1136 Theodericus
1109 1101 1213 1135 abbas
1237 1101 1272 1134 S.
1297 1101 1475 1136 Trudonis
1493 1102 1530 1135 in
1548 1101 1631 1135 Vita

268 1157 304 1190 S.
324 1156 513 1190 Rumoldi:
543 1162 563 1176 “
581 1158 693 1192 Novit
710 1159 774 1192 hoc
801 1159 888 1192 alter
911 1169 998 1202 pene
1021 1159 1113 1191 orbis
1138 1158 1334 1197 Britannia,
1357 1169 1436 1192 cum
1453 1159 1630 1203 adjacente

267 1212 394 1251 Scotia,
412 1213 472 1256 qui
491 1214 611 1246 statim
629 1218 670 1246 ut
687 1214 731 1246 ab
748 1215 842 1247 illius
867 1215 1083 1248 aeternitatis
1101 1216 1171 1248 sole
1188 1214 1271 1248 tacti
1290 1219 1383 1254 sunt,
1407 1215 1457 1247 illi
1474 1214 1539 1248 sub
1557 1226 1632 1248 um-

268 1268 330 1301 bra
347 1268 434 1312 ejus,
452 1279 556 1312 quem
573 1268 827 1308 desiderabant,
845 1270 1068 1312 requiescere,
1087 1271 1145 1303 isti
1163 1271 1207 1303 ad
1225 1271 1382 1304 ardorem
1407 1281 1516 1314 usque
1541 1282 1631 1305 mar-

267 1324 352 1367 tyrii
377 1323 631 1358 festinaverunt
658 1324 871 1364 incalescere,
897 1330 932 1358 et
956 1327 1141 1359 stridentia
1166 1326 1433 1371 anhelantiaque
1464 1327 1569 1361 verba
1594 1329 1631 1360 iu

267 1381 365 1413 dulce
390 1380 501 1413 crucis
524 1381 631 1414 melos
649 1381 845 1414 didicerunt
867 1380 1069 1427 infringere.
1120 1381 1223 1415 Unde
1246 1388 1361 1416 autem
1386 1384 1451 1416 hoc
1473 1389 1544 1417 tam
1564 1385 1631 1418 late

267 1436 432 1469 diffusum
458 1437 719 1481 germinarium,
742 1437 809 1471 nisi
831 1438 913 1481 quia
935 1438 972 1470 in
994 1449 1113 1471 eorum
1137 1438 1298 1471 cordibus
1322 1440 1523 1473 coaluerunt
1547 1440 1569 1472 J
1572 1452 1632 1474 esu

267 1492 400 1525 Christi
428 1503 526 1525 amor
552 1497 585 1526 et
609 1493 816 1526 desiderium
833 1494 849 1526 t>
912 1493 1072 1527 Assentit
1097 1495 1134 1527 in
1160 1495 1224 1528 hoc
1251 1494 1462 1538 Herbipolis,
1480 1497 1631 1541 gloriosa

267 1548 432 1592 martyris
451 1548 582 1581 Kiliani
601 1550 734 1582 meritis
751 1554 786 1583 et
801 1561 953 1593 corpore,
971 1561 1034 1583 nec
1057 1551 1172 1583 minus
1195 1562 1305 1594 prona
1328 1558 1528 1585 sanctorum
1552 1553 1631 1586 Sco-

268 1609 383 1638 torum
402 1605 536 1642 talium,
551 1609 585 1638 et
603 1609 780 1639 tantorum
798 1610 938 1648 patrum
957 1608 1198 1640 veneratione:
1225 1607 1462 1641 Columbanus
1481 1608 1630 1647 Italiam,

267 1660 433 1694 Bertinus
451 1667 485 1693 et
503 1660 672 1694 W'inocus
691 1662 869 1695 illustrant
886 1662 1131 1696 occidentalem
1150 1663 1331 1696 Galliam?
1382 1664 1500 1697 Vitam
1526 1665 1630 1709 hujus

266 1717 405 1760 scripsit
420 1716 635 1750 Folchardus
649 1717 840 1750 monachus
854 1717 1082 1758 Berffinensis,
1101 1725 1136 1752 et
1152 1720 1272 1753 retulit
1291 1719 1414 1753 Surius
1428 1721 1484 1754 die
1498 1730 1534 1754 v·
1549 1721 1631 1764 Sep-

266 1773 420 1812 tembris,
441 1779 524 1806 tom.
546 1782 582 1806 V.
623 1773 690 1807 Sed
708 1785 769 1807 nec
787 1775 920 1817 patriae
937 1775 1005 1814 ille,
1023 1786 1085 1808 nec
1102 1781 1287 1818 parentum
1306 1777 1516 1810 mentionem
1535 1777 1629 1810 facit.

266 1828 475 1872 Anonymus
489 1830 583 1873 apud
597 1830 755 1869 eundem,
769 1831 824 1863 die
840 1839 894 1863 xX.
909 1830 1132 1874 Septembris,
1147 1833 1184 1864 in
1198 1831 1282 1865 Vita
1295 1832 1329 1865 S.
1346 1832 1541 1865 Audomari
1555 1845 1628 1877 cap.

267 1893 352 1917 XIX.
372 1897 450 1918 eum
469 1887 678 1920 monasterio
696 1886 863 1920 sithiensi
882 1887 925 1920 ab
943 1887 1060 1920 eodem
1079 1887 1284 1921 Audomaro
1298 1889 1533 1931 praepositum
1548 1891 1630 1923 scri-

268 1941 329 1974 bit.
381 1940 590 1986 Anonymus
615 1944 702 1976 alter
726 1943 762 1976 in
787 1943 861 1976 vita
884 1943 918 1977 S.
945 1943 1084 1976 lVinoci
1107 1945 1200 1987 apud
1223 1943 1366 1977 Surium
1391 1950 1472 1977 tom.
1497 1954 1550 1978 VI.
1574 1947 1628 1979 die

267 2005 320 2029 vl.
340 1996 546 2031 Novembris
565 2000 664 2042 plene
681 2000 810 2032 laudat.
863 2004 883 2018 ‘⁶
902 2000 943 2033 In
963 1999 1182 2033 Morinorum
1201 2011 1261 2033 seu
1281 2000 1554 2034 Tarranensium
1578 2013 1629 2035 re-

267 2053 368 2097 gione
393 2052 522 2086 Beatus
551 2053 716 2087 Bel-tinus
742 2056 779 2088 in
805 2061 1008 2088 ornamento
1034 2057 1193 2089 ecclesiae
1219 2056 1284 2089 Dei
1304 2062 1378 2090 erat
1396 2057 1483 2100 Iapis
1501 2059 1630 2101 pretio-

267 2120 337 2142 sus.
392 2108 433 2141 In
459 2108 576 2142 Sithin
602 2111 810 2144 monasterio
841 2112 965 2145 merito
995 2118 1029 2145 et
1058 2112 1168 2146 officio
1198 2113 1314 2152 abbas,
1347 2113 1403 2146 hic
1433 2115 1627 2147 sanctitatis

267 2176 349 2198 suae
368 2169 523 2197 aromata
541 2166 642 2209 longe
660 2167 796 2209 lateque
813 2168 1036 2210 spiraverat.’⁷
1088 2169 1261 2203 Trithem.
1281 2169 1339 2203 lib.
1357 2179 1414 2203 111.
1435 2170 1476 2203 de
1494 2170 1569 2203 Vir.
1590 2171 1628 2202 il-

267 2222 365 2254 lustr.
386 2220 509 2253 ordin.
529 2220 563 2253 S.
585 2220 765 2254 Benedicti
784 2233 858 2266 cap.
878 2232 939 2256 cv,

314 2277 367 2310 De
394 2282 514 2310 exacta
539 2278 678 2322 regulae
704 2277 738 2309 S.
766 2277 901 2311 Bertini
926 2280 1175 2320 observatione,
1195 2282 1238 2315 D.
1262 2283 1429 2315 Bel-nardi
1453 2283 1625 2326 praeclara

265 2338 385 2367 extant
417 2334 571 2367 encomia
601 2333 754 2376 epistolis
786 2342 893 2367 CXLI.
925 2344 1050 2368 chu.
1078 2346 1220 2370 CXLIII.
1248 2346 1385 2371 CXLIV.
1450 2338 1626 2370 Recolitur
