1861 2682
272 256 332 284 178
641 253 867 286 HISTORIA
890 253 1113 284 ECCLESIA
1119 253 1190 284 STI
1195 253 1253 284 CA

275 358 359 380 auro
389 352 423 380 et
453 350 607 390 argento,
636 345 771 378 coronis
795 349 829 376 et
851 344 1011 382 lucernis,
1035 348 1069 376 et
1093 345 1252 377 omnibus
1276 344 1374 376 bonis
1398 344 1511 377 locum
1534 346 1627 379 hunc

274 403 422 447 gloriose
440 401 632 445 provexit.”
674 399 838 435 Meminit
855 403 889 431 et
906 398 1073 431 Wieenus
1087 399 1209 442 junior
1225 399 1263 431 in
1276 398 1361 431 Vita
1378 398 1411 431 S.
1434 399 1604 433 Bonifacii
1621 411 1628 433 ε

530 474 719 510 Progenerans
732 471 864 508 quosdam
880 469 978 508 Stygio
992 478 1007 495 e
1021 468 1125 495 foetore
1139 472 1287 500 scatentes,

529 519 686 556 Insipidum
702 518 862 548 Albertum,
878 516 1051 543 Clementem
1066 519 1094 541 et
1109 513 1210 541 finibus
1225 513 1322 546 isdem,

531 566 702 596 Samsonem‚
719 564 823 595 Scotos,
838 561 937 590 sinceri
951 559 1088 597 dogmatis
1101 559 1202 591 hostes,

531 611 678 638 Audentes
693 619 775 637 sanae
789 608 930 636 doctrinae
944 614 1082 643 opponere
1097 605 1194 633 sancti.

321 684 466 727 Scripsit
484 693 588 725 super
608 686 701 714 mota
719 679 964 717 controversia,

417 739 460 772 In
477 737 697 770 Bonifacium
1141 734 1200 767 lib.
1221 743 1245 766 1.

418 795 470 827 De
488 793 723 826 Grammatica
1144 790 1202 823 lib.
1223 798 1247 822 1.
1273 793 1314 822 ut
1331 800 1374 822 ex
1391 789 1468 823 MS.
1487 796 1628 834 apparet

460 850 535 894 jam
555 848 712 891 proxime
731 848 884 880 laudato.

416 906 594 949 Epistolas
612 904 655 936 ad
673 904 857 946 populares
876 902 996 936 Seotos
1141 901 1199 934 lib.
1220 910 1244 934 Ι.

418 962 471 994 De
490 960 716 998 Eucharistia
1143 958 1203 990 lib.
1224 966 1248 989 Ι.

319 1019 532 1051 Damnatum
551 1016 673 1048 volunt
691 1026 711 1046 a
728 1014 762 1046 S.
782 1014 947 1047 Zacharia
966 1014 1125 1057 pontifice
1145 1014 1181 1045 in
1205 1014 1336 1056 synodo
1361 1013 1519 1046 Romana
1542 1024 1632 1046 anno

273 1083 445 1108 DCCXLV.
464 1073 588 1106 obiisse
606 1082 688 1103 vero
706 1074 850 1112 putatur
869 1078 983 1102 DCCL.
1025 1069 1067 1102 Iu
1085 1069 1229 1101 concilio
1247 1068 1457 1101 Vercellensi
1475 1080 1495 1101 a
1516 1068 1632 1100 Leone

274 1130 339 1163 IX.
358 1129 530 1173 pontifice,
546 1127 719 1159 damnatis
733 1126 841 1163 libris,
859 1125 974 1168 ipsum
988 1136 1058 1158 non
1072 1124 1179 1157 fuisse
1193 1125 1407 1163 damnatum,
1423 1124 1538 1167 prodit
1550 1123 1629 1156 Ful-

273 1198 345 1231 gos.
365 1186 423 1218 lib.
443 1194 467 1217 Ι.
487 1195 560 1227 cap.
582 1192 605 1214 1.
625 1182 666 1214 de
684 1181 777 1213 Dict.
796 1181 1008 1214 memorabil-

731 1293 774 1324 Β.
793 1291 1038 1325 CLEMENS.
1091 1293 1172 1324 308.

275 1411 433 1442 MULTIS
462 1412 540 1451 post
570 1407 632 1439 hos
663 1404 784 1437 seculis
815 1402 973 1436 Clemens
1004 1402 1126 1435 Scotus
1156 1402 1406 1435 Dominicanus
1437 1413 1479 1434 ex
1509 1401 1631 1441 Gallia,

277 1465 537 1498 commendante
578 1472 655 1494 eum
695 1461 770 1503 ipso
810 1459 844 1491 S.
879 1459 1062 1491 Dominico
1095 1457 1296 1490 Alexandro
1330 1458 1403 1501 regi
1442 1458 1478 1489 in
1513 1457 1633 1490 Galliis

278 1521 405 1566 agenti,
437 1520 473 1552 in
507 1518 658 1551 Scotiam
693 1527 770 1548 cum
802 1524 870 1547 vn.
908 1514 1074 1546 fratribus
1105 1513 1250 1556 trajecit,
1281 1517 1315 1545 et
1346 1513 1484 1545 Bervici
1519 1524 1634 1546 mona-

276 1578 423 1610 sterium
442 1575 572 1608 ordinis
591 1573 644 1605 sui
664 1572 773 1604 erexit
792 1570 856 1603 sub
873 1571 1010 1602 nomine
1029 1570 1063 1601 S.
1083 1568 1281 1600 Trinitatis.
1319 1568 1457 1601 Floruit
1471 1573 1490 1587 ‘⁶
1503 1569 1557 1601 vir
1570 1568 1635 1601 fide

276 1638 309 1665 et
335 1631 525 1664 virtutibus
552 1628 705 1672 plenus,‘’
733 1628 782 1659 ait
812 1626 969 1658 Leander
999 1625 1136 1657 Alberti
1163 1624 1392 1656 Bononiensis
1419 1624 1478 1656 lib.
1506 1632 1564 1656 111.
1592 1625 1633 1656 de

277 1688 355 1720 Vir.
387 1688 510 1719 illustr.
543 1684 775 1718 Praedicator.
804 1682 956 1726 Egregie
982 1681 1079 1713 illum
1106 1691 1126 1712 a
1151 1680 1260 1712 literis
1287 1683 1320 1711 et
1345 1679 1473 1722 pietate
1499 1680 1634 1712 extollit

278 1743 462 1785 Philippus
481 1740 642 1783 XVolpius
656 1739 715 1771 lib.
732 1747 789 1770 111.
805 1738 846 1769 de
861 1737 1058 1769 Peritoruin
1073 1735 1237 1768 Virorum
1256 1734 1360 1767 Vitis.
1404 1734 1550 1767 Dublini
1565 1736 1635 1778 epi-

278 1803 455 1841 scopatum
484 1797 629 1841 gessisse
653 1799 798 1827 constat.
853 1791 1048 1835 Stephanus
1079 1791 1272 1834 Sampayus
1302 1791 1337 1822 in
1368 1790 1566 1829 stemmate,
1600 1797 1634 1823 et

278 1855 299 1886 J
302 1866 378 1887 oan.
396 1853 545 1886 Michael
561 1851 702 1884 Plodius
718 1849 946 1882 Bononiensis
960 1847 1156 1880 Annalibus
1170 1846 1490 1879 Dominicanorum.
1522 1846 1635 1890 Scrip-

278 1912 322 1943 sit

424 1965 614 1998 Conciones
1192 1957 1253 1990 lib.
1274 1967 1298 1990 1.

424 2020 542 2053 Vitam
562 2020 596 2051 S.
616 2017 789 2051 Dominici
1192 2014 1251 2046 lib.
1273 2023 1296 2046 Ι.
1322 2013 1488 2047 Forduno
1504 2018 1601 2047 teste.

426 2076 570 2108 Ordinis
589 2075 642 2107 sui
661 2074 696 2105 in
715 2072 865 2104 Scotiam
884 2070 1065 2114 Ingressus
1198 2069 1257 2102 lib.
1278 2078 1302 2101 1.

424 2131 477 2163 De
496 2129 778 2174 Peregrinatione
796 2127 837 2159 ad
856 2126 948 2159 Loca
966 2130 1083 2158 sancta
1192 2125 1254 2157 lib.
1276 2133 1318 2157 11.

331 2187 494 2220 Florebat
522 2196 611 2217 anno
641 2192 760 2216 MCCL.
792 2182 857 2215 sub
886 2182 1086 2214 Alexandro
1117 2180 1163 2213 II.
1196 2192 1276 2224 rege
1307 2180 1451 2213 Scotiae.
1483 2180 1552 2213 Ubi
1579 2185 1638 2213 aut

283 2243 421 2287 quando
439 2242 574 2278 obierit,
593 2241 719 2277 nullus,
739 2238 830 2281 quod
849 2238 964 2275 sciam,
982 2237 1150 2279 scriptum
1169 2237 1320 2280 reliquit.
1373 2236 1505 2275 Putant
1523 2240 1638 2268 tamen

285 2299 428 2332 Dublini
453 2297 657 2334 excessisse3
690 2295 748 2327 sed
775 2294 831 2326 ille
857 2305 926 2326 non
954 2293 1099 2325 Dublini
1125 2293 1279 2330 antistes,
1306 2302 1426 2324 verum
1451 2291 1639 2324 Dumblani
