1861 2682
610 244 782 277 GENTIS
807 242 1078 279 SCOTORUM,
1102 241 1188 272 LIB.
1215 242 1277 272 ΙΙΙ.
1561 243 1619 274 197

267 346 415 379 secutus,
445 339 545 372 venia
566 349 585 370 a
608 348 687 381 rege
711 337 813 369 toties
837 336 945 378 petita
970 345 1149 378 nunquam
1175 344 1343 371 concessa,
1370 332 1531 366 Lutetiae
1557 334 1618 366 ali-

266 396 432 438 quamdiu
450 395 572 432 haesit,
594 398 668 426 tum
687 403 729 426 ex
747 392 862 425 animo
880 392 1080 435 religionem
1102 390 1316 424 Catholicam
1334 390 1513 432 amplexus
1539 389 1619 422 hae-

266 452 367 483 resim
387 451 476 484 bona
497 451 561 483 fide
583 449 769 494 abjuravit,
791 453 824 481 et
843 447 1153 491 peregrinationem
1180 447 1374 479 Romanam
1396 456 1522 490 magno
1547 445 1620 478 ani-

266 518 321 538 mo
335 508 495 549 suscepit,
515 506 638 550 majori
657 505 852 547 complevit.
892 503 1037 546 Scripsit
1051 504 1225 546 pleraque,
1239 507 1279 535 ut
1291 506 1364 535 erat
1378 501 1620 534 amoenissimo

266 563 413 605 ingenio,
434 563 493 594 sed
511 573 574 605 ego
592 561 738 603 paucula
756 561 838 592 vidi.
891 559 932 592 In
950 560 1014 598 his,

412 618 611 650 paraenesis
629 617 671 649 ad
691 616 873 649 Ministros
891 615 1010 649 Scotos
1028 626 1131 658 super
1148 627 1211 648 sua
1227 615 1461 648 Conversione
1479 614 1536 647 lib.
1558 623 1581 645 1.

458 673 617 705 Lutetiae
635 672 764 715 prodfit
781 673 972 705 vernacule.

407 729 532 772 Capita
549 733 770 761 controversa
1132 727 1190 760 lib.
1213 737 1235 760 Ι.

407 786 460 818 De
480 785 594 817 Causa
612 784 757 817 Comitis
777 784 975 817 Bothwellii
1134 784 1193 816 lib.
1215 793 1238 815 I.

312 842 409 875 Obiit
427 842 463 874 in
481 841 758 885 peregrinatione
776 840 835 872 illa
853 840 1012 873 Romana
1029 851 1120 873 anno
1140 848 1298 872 MDCVII.

750 936 784 968 S.
813 935 1008 969 CEVILO.
1059 937 1139 971 357.

263 1011 297 1042 S.
326 1010 490 1047 Cerno,
517 1008 704 1041 verdensis
735 1009 913 1051 episcopus
940 1017 976 1041 V.
1022 1008 1111 1042 Eam
1138 1014 1213 1041 tum
1240 1009 1355 1041 sedem
1382 1008 1475 1041 Scoti
1501 1009 1621 1042 multis

264 1066 362 1098 annis
382 1065 556 1097 tenebant.
591 1064 727 1097 Albert.
747 1064 933 1098 Crantzius
957 1065 1016 1098 lib.
1038 1074 1078 1097 11.
1105 1065 1291 1108 Metropol.
1315 1075 1389 1107 cap.
1410 1073 1508 1097 XXX.
1528 1069 1562 1097 et
1580 1076 1623 1097 ex

263 1133 301 1153 eo
320 1120 492 1153 Suffridus
513 1120 636 1153 Petrus
655 1121 714 1153 lib.
735 1130 759 1153 I.
778 1122 820 1153 de
838 1120 983 1166 Origine
1001 1121 1031 1153 F
1033 1122 1190 1154 risonum
1214 1131 1287 1163 cap.
1308 1129 1374 1153 XV.
1427 1120 1621 1154 Medicinae

263 1177 450 1213 studiosus,
470 1175 608 1217 scripsit

405 1231 601 1263 Dubiorum
620 1231 657 1262 in
676 1230 891 1273 Hippocrate
908 1233 1061 1265 locorum
1081 1232 1375 1275 Explanationem
1421 1232 1479 1265 lib.
1500 1241 1525 1265 Ι.

407 1286 606 1318 Lectionem
626 1286 810 1319 Sacrorum
1420 1288 1478 1321 lib.
1499 1297 1550 1321 IV.

311 1342 411 1375 Vixit
429 1353 519 1374 anno
539 1350 774 1375 Deccxxvn.
801 1341 869 1374 Hic
883 1347 935 1376 est
948 1354 990 1376 ex
1008 1343 1076 1376 illis
1090 1343 1200 1377 Scotis
1214 1345 1341 1387 quibus
1357 1349 1377 1363 “
1389 1344 1534 1377 Carolus
1549 1345 1624 1377 Ma-

264 1399 383 1443 gnus‚'’
399 1398 530 1431 domita
544 1397 705 1437 Samma,
721 1403 741 1417 “
754 1399 943 1443 dignitates
958 1399 1194 1438 concessisse,’'
1208 1401 1327 1433 scribit
1342 1400 1525 1443 Philippus
1544 1400 1623 1433 Bel-

264 1455 411 1487 forestus
423 1454 481 1487 lib.
496 1462 520 1486 1.
540 1453 633 1487 Hist.
647 1454 801 1488 Carolor.
820 1458 854 1487 et
868 1455 927 1487 alii
945 1455 1101 1488 historici
1116 1454 1219 1488 Galli.
1246 1455 1349 1489 Alter
1363 1457 1393 1488 ei
1408 1467 1622 1500 synonymus

264 1517 337 1544 tum
359 1510 509 1542 vivebat.

650 1605 864 1638 THOMAS
890 1606 1114 1641 CRAGIUS.
1167 1610 1248 1641 358.

264 1679 438 1711 THOMAS
455 1678 603 1723 Cragius
622 1678 922 1723 Edimburgensis,
941 1679 1048 1712 nobili
1066 1679 1249 1723 utriusque
1267 1681 1407 1725 linguae
1425 1682 1621 1725 cognitione

264 1735 430 1774 imbutus,
450 1746 577 1779 magna
594 1735 751 1768 lectionis
770 1735 948 1774 varietate,
962 1735 1095 1779 judicio
1114 1746 1260 1774 summo,
1280 1737 1441 1770 comitate
1460 1737 1624 1775 mirabili,

264 1797 303 1823 ut
330 1802 400 1823 uno
424 1791 529 1823 verbo
552 1791 675 1829 dicam,
705 1791 948 1825 eruditissimis
975 1791 1102 1824 criticis
1127 1796 1185 1824 aut
1206 1792 1465 1835 jurisconsultis
1489 1794 1524 1825 in
1550 1793 1624 1825 Eu-

264 1858 347 1889 ropa
380 1846 617 1880 conferendus.
669 1846 781 1890 Cujus
812 1847 929 1879 laudes
960 1858 1086 1892 augere
1117 1848 1203 1880 mihi
1234 1848 1398 1881 videntur
1428 1849 1518 1882 filius
1553 1849 1625 1882 Lu-

265 1903 417 1941 dovicus,
452 1902 603 1945 equestri
638 1903 811 1947 dignitate
845 1903 881 1935 in
915 1909 1073 1936 senatum
1112 1903 1285 1937 Scoticum
1319 1906 1471 1945 allectus,
1506 1905 1624 1945 frater,

265 1958 355 2001 regis
374 1957 524 2002 Magnae
542 1958 757 1997 Britanniae,
776 1970 893 2002 nepos,
912 1959 1060 1992 lValliae
1078 1960 1255 2003 principis,
1279 1961 1401 1994 medici
1418 1971 1426 1994 :
1452 1963 1524 2005 ipse
1543 1973 1625 1995 vero

265 2020 304 2046 ut
322 2015 409 2046 alter
421 2014 613 2053 Maecenas,
632 2026 710 2048 cum
729 2026 864 2048 summa
881 2019 996 2058 posset
1013 2026 1197 2059 capessere,
1216 2017 1444 2050 mediocribus
1463 2018 1530 2051 fuit
1548 2029 1625 2051 con-

266 2074 392 2107 tentus,
412 2074 446 2101 et
463 2070 698 2103 advocationis
722 2082 849 2104 munus
872 2082 977 2115 quam
999 2072 1167 2105 sustinuit
1190 2071 1345 2111 feliciter,
1369 2085 1474 2116 quam
1498 2076 1625 2108 meruit

265 2125 443 2158 submisse.
496 2124 585 2168 Ejus
604 2131 707 2159 sunt:

411 2181 522 2225 Leges
542 2181 760 2225 Muncipales
779 2182 913 2216 Scotiae
1221 2185 1279 2217 lib.
1300 2194 1385 2217 VIII.

411 2237 463 2269 De
482 2237 663 2270 Scotorum
682 2238 827 2283 Origine
1221 2241 1279 2274 lib.
1301 2250 1324 2274 Ι.

411 2292 553 2336 Equitis
570 2293 679 2338 Angli
698 2293 878 2327 Refutatio
1221 2297 1279 2330 lib.
1300 2306 1323 2329 1.
