1861 2682
267 239 330 268 314
643 239 869 271 HISTORIA
893 240 1259 273 ECCLESIASTICA

269 331 401 374 ctisque
433 332 467 364 in
494 342 601 376 regno
627 342 690 364 suo
715 331 825 370 fusus,
856 342 984 370 caesus,
1011 342 1050 364 ac
1075 332 1111 364 in
1137 331 1366 374 profluentem
1390 333 1554 377 abjectus,
1582 345 1625 367 ne

265 387 508 429 cenotaphium
539 387 679 430 quidem
709 386 802 429 apud
831 397 912 419 suos
941 387 1074 420 habet?
1105 387 1183 420 Scio
1213 387 1395 421 confictum
1426 389 1533 422 fuisse
1561 390 1626 423 sub

268 442 419 475 Henrico
445 442 492 475 ΙΙ.
523 443 723 476 ruderetum
754 443 797 475 ad
828 441 1043 476 Glastoniam
1071 448 1221 483 erutum,
1249 443 1355 488 hujus
1382 445 1474 489 regis
1499 456 1624 478 nomen

265 497 471 540 praeferens,
490 502 530 531 ut
549 498 585 531 in
603 498 722 542 Belgis
741 497 908 531 sectarius
927 499 1111 532 observat:

775 553 851 586 H1c
879 562 1006 587 JACET
1034 564 1116 587 SEP-

770 617 899 642 ULTUS
913 618 1118 644 INCLYTUS

767 674 851 698 REX
907 664 1117 700 ARTURIUS

771 728 816 754 1N
840 721 993 755 INSULA
1011 723 1116 756 AVA-

868 787 1008 812 LONIA.

261 837 326 870 Cui
353 837 417 870 hoc
442 847 589 880 oppono,
618 840 658 869 ut
683 835 749 868 alia
776 835 947 874 omittam,
973 845 1152 878 nunquam
1178 834 1246 868 fuit
1271 836 1378 869 moris
1404 836 1497 879 apud
1516 835 1621 870 Grae-

260 904 316 926 cos
342 893 556 936 Latinosque
581 903 707 925 nomen
733 892 797 924 loci
821 890 1026 934 sepulchrali
1052 891 1152 934 cippo
1175 891 1336 930 incidere,
1363 892 1462 936 quasi
1488 892 1523 925 id
1549 893 1622 936 ipse

260 949 348 992 lapis
366 960 435 982 non
458 949 648 988 indicaret3
676 948 712 980 in
737 948 801 980 hoc
825 948 917 980 enim
943 947 1036 980 vitae
1062 947 1229 986 ordinem,
1255 958 1392 986 nomen,
1418 958 1619 993 cognomen,

257 1005 436 1044 familiam,
467 1005 628 1049 patriam,
659 1004 902 1042 conditionem,
929 1007 1088 1042 aetatem,
1117 1003 1239 1036 mortis
1266 1014 1416 1043 causam,
1442 1004 1619 1038 interdum

257 1063 444 1095 haeredum
470 1061 766 1098 substitutionem,
793 1071 870 1092 cum
897 1059 973 1092 aliis
999 1059 1158 1092 formulis
1186 1060 1416 1103 comperimus
1447 1071 1619 1103 expressa,

257 1129 382 1151 nomen
399 1118 463 1151 loci
481 1128 672 1160 nunquam.
724 1116 831 1149 Recte
850 1115 992 1148 Iscanus
1010 1119 1133 1158 poeta:

551 1180 597 1208 Sic
612 1180 760 1208 Britonum
775 1178 894 1207 ridenda
909 1177 976 1206 fides
991 1187 1040 1216 per
1053 1177 1147 1206 secula
1161 1177 1252 1206 multa

551 1227 710 1254 Arthurum
725 1231 866 1263 expectat.

304 1292 476 1336 Migravit
494 1302 536 1325 ex
553 1291 618 1324 hac
635 1291 709 1324 vita
726 1289 866 1323 Gonora
883 1290 920 1322 in
938 1288 1140 1331 captivitate
1158 1298 1249 1320 anno
1265 1295 1360 1319 DXL.
1397 1287 1478 1320 Non
1497 1292 1548 1321 est
1567 1299 1618 1321 re-

256 1351 326 1382 lata
344 1349 381 1381 in
399 1353 547 1387 sanctos,
566 1348 625 1380 sed
644 1347 700 1389 pie
718 1347 852 1379 colitur.
896 1345 1033 1378 Nomen
1052 1352 1152 1378 sonat
1169 1343 1349 1387 quippiam
1367 1342 1618 1377 Northmanni-

257 1416 353 1446 cum;
374 1415 455 1437 nam
470 1403 621 1441 Gonora,
636 1413 726 1435 uxor
739 1402 906 1434 Richardi
925 1401 953 1434 I.
971 1400 1067 1433 ducis
1086 1399 1309 1438 Normaniae‚
1324 1399 1361 1432 in
1378 1399 1492 1443 gentis
1510 1399 1617 1433 histo-

257 1461 308 1493 ria
326 1460 529 1494 celebratur.
582 1459 771 1492 Festivitas
789 1458 844 1491 die
862 1466 950 1490 Vl11.
967 1455 990 1488 J
993 1467 1113 1489 anuar.
1167 1455 1391 1488 Consuetudo
1409 1455 1485 1488 loci.

658 1571 693 1605 S.
721 1568 1075 1604 GUTHAGONUS.
1128 1570 1209 1601 584.

254 1686 288 1719 S.
308 1685 600 1723 GUTHAGONUS‚
626 1694 717 1716 unus
744 1694 785 1716 ex
812 1681 1008 1725 apostolicis
1034 1681 1233 1724 primitivae
1256 1679 1437 1713 Scotorum
1455 1680 1614 1713 ecclesiae

254 1741 564 1779 concionatoribus,
601 1740 771 1773 Findochi
807 1747 925 1771 xxxl.
967 1737 1058 1782 regis
1093 1737 1194 1775 filius,
1238 1736 1347 1769 frater
1379 1735 1529 1768 Donaldi
1566 1735 1613 1769 11.

254 1804 288 1831 et
321 1798 523 1836 Crathlinti,
554 1807 661 1840 nepos
692 1795 908 1832 Athirconis‚
942 1804 1075 1838 regum,
1111 1793 1246 1826 fervore
1283 1791 1455 1836 evangelii
1490 1796 1614 1829 tactus,

253 1855 402 1898 patriam
422 1853 562 1896 reliquit
581 1863 658 1886 cum
677 1851 712 1884 S.
733 1852 853 1884 Macra
875 1860 1002 1888 sorore,
1029 1853 1063 1882 et
1088 1849 1125 1881 in
1145 1848 1308 1892 Belgium
1328 1847 1516 1892 trajiciens,
1544 1847 1613 1881 Ro-

252 1921 345 1943 mam
372 1909 675 1943 concionabundus
701 1917 916 1952 progressus,
942 1905 1120 1948 reduxque
1147 1908 1167 1923 ‘⁶
1193 1904 1378 1947 aliquando
1404 1904 1496 1946 apud
1522 1903 1613 1937 Bru-

253 1977 315 2011 gas
334 1967 369 1999 in
391 1965 535 1998 Knocke
553 1970 605 1997 est
622 1968 856 2000 conversatus,
875 1967 909 1995 et
926 1961 963 1994 in
981 1960 1170 1993 Oestkirka
1188 1960 1376 2002 sepultus.”
1421 1959 1477 1992 Ex
1495 1960 1612 1993 lectio-

252 2023 355 2055 nibus
386 2022 422 2054 in
450 2020 640 2054 Oestkirka
665 2019 766 2052 Joan.
794 2018 957 2051 Molanus
984 2016 1137 2049 Natalib.
1168 2027 1247 2060 pag.
1276 2024 1438 2048 XXXVII.
1468 2020 1544 2049 tum
1570 2016 1612 2049 de

253 2079 349 2111 cultu
364 2078 454 2110 idem
470 2077 650 2120 theologus
665 2075 803 2108 subdit:
833 2078 852 2093 ‘⁶
866 2073 909 2106 B.
926 2072 1128 2117 Guthagoni
1143 2082 1278 2115 corpuS‚
1292 2071 1444 2104 Domino
1457 2083 1519 2115 per
1531 2082 1609 2105 eum

253 2134 364 2166 multa
382 2133 549 2165 miracula
566 2131 725 2170 faciente,
744 2131 785 2163 de
802 2129 986 2162 humiliore
1012 2129 1085 2161 loco
1111 2129 1148 2161 in
1174 2139 1311 2171 capsam
1338 2128 1518 2161 transtulit
1544 2127 1610 2161 Ge-

253 2190 377 2223 rardus
406 2187 637 2222 Tornacensis
668 2187 858 2230 episcopus,
889 2196 980 2218 anno
1012 2193 1154 2218 MCLIX.
1190 2184 1290 2217 nonis
1320 2183 1430 2224 Julii3
1467 2183 1609 2217 eandem

251 2256 390 2289 capsam
420 2248 618 2278 reverenter
643 2254 682 2276 ac
707 2243 831 2276 devote
857 2241 993 2285 aperuit
1020 2246 1054 2274 et
1086 2241 1244 2274 visitavit
1275 2239 1451 2279 Nicolaus,
1480 2239 1610 2283 episco-

251 2302 287 2345 pi
314 2300 545 2335 Tornacensis
571 2299 822 2345 suffraganeus,
848 2298 903 2331 die
935 2305 960 2330 1.
987 2296 1149 2331 Octobris
1177 2288 1384 2330 MCDXva(
1408 2295 1609 2338 invenitque
