1861 2682
568 248 738 281 GENTIS
762 247 1035 285 SCOTORUM,
1060 248 1147 280 LIB.
1176 250 1202 279 I.
1533 250 1574 282 29

639 398 673 432 S.
701 395 943 431 ADEODAT
949 396 1016 430 US.
1069 399 1128 430 34.

204 512 238 544 S.
258 512 518 549 ADEODA‘ws,
536 521 597 543 seu
616 509 827 547 Theoclatus,
846 513 907 541 aut
925 508 1143 548 Theodorus,
1168 508 1285 542 Scotia
1307 520 1465 554 egressus
1483 521 1562 544 cum

204 568 263 601 SS.
292 567 469 600 Florentio
495 570 529 599 et
554 565 762 610 Arbogasto,
789 565 918 607 diuque
944 576 1098 598 eremum
1126 565 1282 604 incoluit,
1308 569 1384 598 tum
1401 566 1563 611 religioso

206 628 287 655 voto
304 633 339 655 se
358 623 569 665 mancipans,
588 621 772 653 canonicus
790 620 1035 653 Lateranensis
1054 620 1177 660 factus,
1203 632 1221 653 e
1244 621 1408 654 coenobio
1431 626 1564 655 extrac-

206 683 261 711 tus
279 679 322 711 ad
340 678 498 710 ecclesiae
517 676 743 709 Nivernensis
761 677 895 708 clavum
915 677 1013 709 sedit.
1039 677 1272 710 Demochares
1296 677 1355 710 lib.
1376 685 1418 710 11.
1438 677 1560 710 Sacrif.

205 733 334 766 Missae
351 744 424 775 cap.
440 741 540 765 xxx.
575 731 660 765 Vita
677 730 737 764 SS.
757 731 925 765 Florentii
943 737 977 765 et
994 731 1196 777 Arbogasti.
1234 732 1325 766 Acta
1340 733 1561 766 ecclesiarum

204 788 422 821 Trevirensis
450 793 484 820 et
513 787 790 831 Argentinensis.
822 786 1073 820 Constantinus
1103 787 1253 821 Ghinius
1284 786 1469 821 Natalibus
1501 788 1560 821 SS.

206 844 470 877 Canonicorum.
498 843 632 876 Surius.
658 842 717 875 Ad
729 842 929 875 Usuardum
942 844 1104 877 Molanus
1118 844 1173 876 die
1187 852 1256 876 VII.
1272 843 1460 877 Novembr.
1488 843 1559 877 Alii

203 900 352 932 natalem
370 900 401 932 ei
419 903 579 932 statuunt
597 899 639 930 ad
658 906 744 930 XIX.
762 897 884 937 Juni13
912 899 970 931 alii
988 899 1100 932 aliter.
1153 898 1299 942 Scripsit

349 955 509 987 Psalterii
529 953 807 996 Explicationem
1072 954 1132 986 lib.
1153 962 1177 986 1.

349 1010 402 1042 De
419 1009 622 1042 Solitudinis
640 1008 760 1041 Laude
1070 1009 1128 1043 lib.
1150 1018 1175 1043 Ι.

248 1065 384 1098 Claruit
401 1076 492 1099 anno
511 1073 716 1098 DCCLxxx.

703 1177 738 1210 S.
765 1177 954 1211 ADILIA.
1006 1181 1063 1212 35.

201 1290 237 1322 S.
261 1288 424 1326 ADILIA,
451 1288 550 1332 virgo
574 1289 855 1326 sanctimonialis,
880 1293 963 1321 nata
986 1289 1022 1322 in
1046 1289 1170 1334 Belgio
1194 1291 1295 1334 Orpii
1321 1292 1465 1326 dioecesi
1490 1292 1559 1326 Na-

202 1345 384 1383 murcensi,
402 1355 471 1377 non
489 1344 608 1386 procul
626 1355 647 1376 a
665 1343 797 1377 Thenis
816 1348 849 1377 et
875 1343 1055 1383 Geldonia,
1082 1346 1251 1389 singulari
1274 1348 1413 1389 pietatis
1436 1348 1562 1381 affectu

203 1403 296 1434 viros
313 1400 556 1433 ecclesiasticos
579 1400 621 1433 de
646 1399 762 1432 Scotia
786 1400 962 1432 venientes
987 1401 1132 1443 excepit,
1159 1400 1194 1433 S.
1219 1401 1375 1436 Martino
1392 1405 1561 1446 templum

202 1456 396 1494 exstruxit;
423 1456 478 1488 hic
496 1466 578 1488 vero
595 1455 669 1499 ejus
688 1456 899 1488 mentionem
917 1456 1139 1495 celebramus,
1157 1468 1227 1490 non
1242 1463 1283 1491 ut
1301 1457 1432 1498 Seotae,
1448 1460 1508 1492 sed
1521 1467 1561 1493 ut

203 1512 384 1545 Scotorum
402 1511 566 1554 hospitae.
610 1511 725 1544 Durat
743 1511 845 1544 hodie
864 1510 940 1544 fons
959 1511 1139 1545 mirabilis.
1183 1513 1319 1547 Colitur
1336 1523 1436 1548 xxx.
1450 1514 1473 1547 J
1476 1515 1561 1548 unii.

203 1567 374 1602 visitatae
399 1567 564 1609 reliquiae
592 1576 633 1599 11.
660 1567 840 1600 Decembr.
867 1577 959 1600 anno
985 1575 1090 1601 Dch.
1117 1568 1281 1602 Molanus
1311 1569 1469 1604 Indiculo
1498 1570 1558 1603 SS.

205 1623 318 1667 Belgii
336 1633 417 1667 pag.
436 1630 506 1655 VII.

251 1678 388 1711 Claruit
404 1688 495 1711 anno
513 1686 608 1711 DXL.
627 1682 661 1711 et
678 1677 761 1711 haec
778 1682 830 1712 est
853 1679 957 1713 tertia
980 1679 1162 1714 Scotorum
1185 1681 1222 1714 in
1245 1685 1380 1715 exteras
1403 1682 1559 1726 regiones

205 1745 334 1767 missio.

666 1847 700 1880 S.
727 1846 991 1881 ALBUINUS.
1043 1847 1100 1882 36.

206 1958 240 1991 S.
260 1957 469 1991 ALBUINUS
487 1958 621 1998 Scotus,
640 1959 743 1992 abbas
763 1960 961 1992 monasterii
982 1960 1053 1999 Hu,
1079 1961 1133 1993 vel
1159 1961 1232 1999 Hii,
1257 1963 1350 2005 quod
1368 1969 1471 2005 caput
1488 1973 1560 1996 om-

206 2015 304 2046 nium
321 2014 563 2047 coenobiorum
588 2014 813 2053 Scoticorum,
837 2014 1078 2059 Anglicorum‚
1097 2016 1367 2051 Hibernicorum
1386 2019 1478 2061 apud
1496 2018 1562 2052 Be-

207 2070 287 2101 dam
301 2069 397 2101 audit
416 2069 474 2101 lib.
490 2078 548 2102 111.
563 2081 636 2113 cap.
652 2079 738 2102 XXI.
775 2070 948 2104 Henricus
967 2071 1283 2106 Huntindoniensis
1297 2073 1355 2107 lib.
1372 2083 1430 2107 111.
1461 2074 1562 2107 Vixit

206 2136 246 2157 ea
272 2128 384 2157 aetate
409 2135 478 2166 qua
500 2125 655 2159 lubentes
679 2127 901 2169 volentesque
922 2127 1013 2160 cives
1035 2128 1145 2161 nostri
1168 2129 1205 2161 in
1229 2128 1461 2162 Ethnicorum
1484 2141 1562 2163 con-

207 2180 399 2213 versionem
426 2180 679 2219 incumbebant,
705 2182 782 2215 ideo
805 2183 878 2225 ipse
901 2183 930 2215 ei
955 2184 1050 2226 operi
1073 2194 1109 2216 se
1133 2184 1324 2229 accingens,
1349 2184 1561 2229 Thuringio-

206 2247 283 2269 rum
311 2236 486 2278 apostolus
511 2236 619 2275 audit,
645 2236 762 2270 Uvion
786 2238 845 2271 lib.
871 2246 912 2271 11.
939 2249 1012 2282 cap.
1032 2247 1134 2275 XLII.
1151 2240 1353 2284 primusque
1371 2240 1557 2275 Frislariae

205 2292 396 2335 episcopus,
447 2290 593 2335 Scripsit
