1861 2682
594 243 764 275 GENTIS
788 241 1058 279 SCOTORUM,
1083 241 1171 272 LIB.
1195 241 1257 272 111.
1548 242 1606 270 141

252 338 352 382 cujus
381 336 485 370 verba
510 337 588 369 vide
614 347 719 379 supra
743 337 780 368 in
803 334 929 367 Sancto
955 331 1155 378 Bong'facio.
1183 332 1356 375 Cratepol.
1379 342 1457 376 pag.
1488 340 1604 364 XL111.

253 397 274 410 “
289 392 521 426 colomannus
533 397 666 435 martyr
680 391 823 429 Christi,
841 389 955 422 fuerat
971 390 1027 422 hic
1044 401 1087 422 ex
1105 389 1219 422 Scotia
1236 388 1371 422 natus.'’
1396 387 1488 431 Ejus
1507 393 1604 420 sunt:

398 448 451 481 De
470 447 588 480 Exilio
606 458 669 480 suo
1167 445 1225 478 lib.
1246 453 1270 477 1.

398 503 578 546 Epistolae
1170 501 1228 533 lib.
1248 509 1272 533 1.

300 558 354 592 De
367 558 483 592 Sancti
498 558 702 592 colomanni
715 557 883 600 martyrio
895 556 919 590 J
921 567 1047 590 oannes
1065 555 1205 590 Stabius
1224 555 1457 589 Maximiliani
1476 554 1503 588 1.
1523 555 1604 598 imp.

252 614 459 647 historicus:

513 708 646 735 Austriae
660 712 773 735 sanctus
786 706 896 734 canitur
909 711 1050 744 patronus,

510 754 662 790 Fulgidum
677 753 754 781 sidus
767 753 878 781 radians
892 752 926 780 ab
940 753 1037 785 Arcto,

509 800 633 827 scoticae
647 799 741 836 gentis
756 799 943 826 Colomannus
956 808 1027 831 acer,

698 845 784 882 Regia
799 844 898 881 proles.

507 891 560 918 Ille
573 890 640 918 dum
655 896 778 918 sanctam
794 890 968 927 Solymorum
982 889 1016 916 ad
1031 889 1127 917 urbem

506 936 642 968 Transiit,
657 936 767 964 dulcem
781 936 901 973 patriam
915 934 1084 971 relinquens,

508 983 608 1019 Regios
622 982 719 1014 fastus,
733 981 867 1013 trabeam,
881 990 1017 1012 coronam,

695 1027 866 1065 Sceptraque
879 1026 1004 1063 tempsit.

505 1074 622 1111 Propter
635 1078 664 1101 et
678 1073 821 1101 Christum
834 1072 998 1109 peregrinus
1010 1071 1077 1099 exul

509 1119 614 1147 Factus
628 1119 658 1146 in
671 1119 752 1147 terris
766 1118 874 1146 alienus
887 1117 972 1150 ultro,

505 1164 645 1192 Caelicam
658 1174 729 1202 pura
742 1163 894 1192 meditatus
907 1163 1000 1191 aulam

699 1210 808 1241 Mente,
823 1209 942 1246 fideque.

505 1254 640 1291 Dumque
653 1254 776 1282 diversos
790 1254 905 1292 populos
919 1261 1054 1292 pererrat,

507 1300 656 1328 Rhaeticas
669 1299 784 1328 tandem
798 1300 914 1327 veniens
927 1299 963 1327 ad
976 1310 1046 1332 oras,
1062 1300 1112 1328 Ere.

299 1397 506 1431 Memoriam
524 1396 643 1429 recolit
660 1406 729 1428 non
746 1395 894 1428 Austria
916 1395 1028 1435 modo,
1052 1395 1111 1428 sed
1134 1400 1168 1428 et
1191 1400 1265 1429 tota
1289 1395 1475 1431 Germania
1499 1399 1607 1443 Supe-

252 1454 323 1486 rior
340 1454 394 1486 die
412 1460 501 1485 XIII.
520 1452 661 1485 Octobr.
688 1456 729 1484 ut
749 1451 915 1484 Laurent.
941 1450 1065 1484 Surius
1088 1456 1187 1485 notat
1211 1456 1294 1485 tom.
1314 1461 1349 1485 v.
1374 1459 1409 1487 et
1434 1454 1606 1488 Baronius

252 1510 371 1542 eodem
389 1509 454 1541 die.
498 1508 645 1540 Passum
663 1508 740 1541 vult
757 1518 848 1541 anno
867 1516 974 1540 MXII.
992 1507 1015 1540 J
1018 1518 1094 1541 oan.
1113 1506 1317 1551 Cuspinian.
1336 1509 1373 1542 in
1390 1509 1547 1549 Austria,
1566 1516 1605 1543 ut

251 1565 328 1598 aliis
345 1566 457 1608 placet
476 1572 718 1596 DCCCCLVIII.

704 1675 739 1708 S.
767 1674 1011 1709 CLEMENS.
1064 1677 1144 1708 242.

251 1788 286 1820 S.
299 1788 507 1826 CLEMENS‚
516 1786 732 1831 “presbyten
745 1787 884 1820 natione
896 1786 1108 1826 Scotus,”ait
1118 1787 1141 1819 J
1143 1799 1270 1821 oannes
1285 1787 1486 1822 Gualterius
1497 1789 1606 1823 Chro-

252 1845 328 1876 nico
345 1843 595 1877 Chronicorum
613 1843 650 1876 in
669 1843 885 1876 Bibliotheca
903 1842 1080 1875 Minorum
1101 1843 1246 1876 Patrum
1267 1855 1347 1888 pag.
1366 1853 1602 1877 DCCCCXCVI.

253 1904 297 1937 et,
324 1903 364 1931 ut
395 1899 567 1943 intelligas
594 1910 663 1932 non
687 1899 832 1931 eundem
859 1909 937 1930 cum
963 1898 998 1930 S.
1026 1898 1171 1932 Claudio
1197 1899 1372 1932 Clemente
1398 1899 1603 1933 Parisiensis
1626 1921 1639 1930 .

253 1954 444 1987 academiae
460 1954 653 1993 fundatore,
677 1955 780 1997 paulo
797 1959 875 1996 post
896 1954 1023 1993 subdit,
1050 1959 1071 1973 ‘⁶
1089 1954 1255 1988 Claudius
1281 1955 1439 1988 Clemens
1464 1956 1603 1989 natione

253 2010 385 2048 Scotus,
403 2009 581 2051 episcopus
599 2008 939 2042 Altissiodorensis.”
973 2009 1058 2043 Fuit
1076 2011 1132 2043 hic
1149 2022 1240 2044 unus
1258 2022 1300 2044 ex
1317 2011 1359 2044 iis
1378 2012 1603 2045 sanctissimis

253 2066 337 2098 viris
355 2065 415 2107 qui
433 2075 510 2096 curn
529 2064 562 2096 S.
581 2064 772 2107 Disybodio
790 2076 832 2097 ex
851 2064 1032 2105 Hibernia,
1051 2066 1086 2098 id
1105 2070 1167 2105 est,
1185 2067 1359 2100 montanis
1377 2066 1511 2100 scotiae
1528 2078 1604 2110 par-

253 2121 357 2158 tibus,
375 2120 514 2164 egressi,
534 2120 577 2152 ad
594 2125 746 2152 montem
764 2120 798 2153 S.
818 2120 913 2153 Petri
937 2121 1110 2155 vixerunt.
1161 2122 1246 2156 Vita
1264 2122 1298 2156 S.
1318 2122 1487 2167 Disybodi
1511 2125 1601 2167 apud

253 2176 394 2209 Surium
411 2180 495 2208 tom.
516 2184 566 2207 IV.
617 2174 764 2218 Scripsit

395 2230 571 2269 Quaedam
590 2231 786 2273 spiritualia
1163 2234 1220 2267 lib.
1242 2244 1265 2267 1.

300 2286 415 2320 Scotia
431 2297 588 2331 egressus
606 2297 696 2320 anno
714 2295 877 2320 DCLxlv.
921 2288 1022 2322 Diem
1039 2300 1108 2323 non
1125 2291 1247 2333 reperi.
