1861 2682
1561 244 1580 270 ιο

1583 243 1615 273 2¹

616 246 786 278 GENTIS
811 244 1083 279 SCOTORUM,
1109 244 1195 274 LIss.
1222 243 1260 274 V.

409 339 450 371 In
469 349 604 372 omnem
623 338 825 371 Aristotelis
846 337 1104 380 Philosophiam
1228 337 1285 369 lib.
1308 346 1331 368 1.

409 394 558 439 Logicae
577 394 743 438 Synopsis
1227 393 1285 425 lib.
1307 402 1329 425 1.

409 450 663 494 Castigationes
683 451 718 482 in
738 449 908 482 Galenum
1229 449 1288 481 lib.
1310 458 1333 480 1.

408 505 461 538 De
480 506 615 538 Morbis
636 506 883 538 incurabilibus
1227 505 1285 537 lib.
1307 514 1330 537 1.

407 561 638 593 Curationum
658 572 801 593 suarum
1227 561 1285 594 lib.
1308 570 1330 592 1.

309 617 407 649 Vivit
423 617 535 649 adhuc
550 616 692 648 Mantae
711 617 751 648 ad
768 616 974 659 Sequanam,
995 623 1029 650 et
1042 617 1138 662 genti
1152 617 1311 661 gloriam,
1326 616 1391 648 sibi
1406 627 1425 648 a
1440 616 1619 653 medicina,

262 683 365 716 qnam
394 673 567 715 stipendio
598 684 639 705 ex
670 672 750 705 fisco
782 673 951 705 honorato
981 681 1127 712 exercet,
1160 684 1199 706 ac
1228 673 1380 705 familiae
1411 673 1621 704 emolumen-

261 734 335 761 tum
367 729 469 771 parit,
497 728 657 761 omnibus
688 739 798 767 caruS,
828 729 887 762 sed
914 729 1062 762 literatis
1090 729 1273 772 praecipue
1300 730 1401 773 longe
1428 728 1621 770 acceptissi-

261 795 348 816 mus.

544 897 796 929 GEORGIUS
826 897 1207 930 EGLISSEMMIUS.
1260 900 1340 930 502.

259 1011 466 1042 GEORGIUS
501 1009 770 1054 Eglissemmius
812 1010 1101 1042 Hamiltoniensis
1146 1010 1251 1042 bonas
1294 1015 1386 1042 artes
1429 1014 1462 1042 et
1500 1009 1619 1041 didicit

260 1066 407 1098 Lovanii
444 1066 480 1098 in
516 1066 639 1110 Belgio
670 1077 822 1108 operose,
854 1070 887 1098 et
917 1066 1035 1098 docuit
1063 1067 1098 1098 in
1129 1065 1251 1098 Galliis
1282 1066 1440 1110 gloriose,
1471 1066 1620 1108 philoso-

260 1122 378 1163 phiam
398 1121 611 1165 Rothomagi
631 1122 795 1164 primum,
821 1133 901 1155 mox
927 1127 961 1154 et
987 1122 1150 1155 Lutetiae
1176 1133 1311 1155 summo
1337 1122 1536 1154 auditorum
1564 1133 1623 1164 ap-

258 1179 383 1219 plausu
415 1177 602 1220 professus.
666 1176 773 1220 Apud
803 1177 961 1219 Cimbros
988 1182 1022 1210 et
1048 1177 1202 1211 Batavos
1228 1178 1433 1210 medicinam
1459 1177 1551 1216 fecit,
1581 1183 1620 1210 ut

258 1233 371 1271 audio,
386 1233 593 1271 felicissime,
608 1244 670 1265 nec
684 1232 806 1265 Galeni
825 1245 915 1272 osor,
933 1245 995 1266 nec
1009 1233 1155 1267 chimiae
1174 1234 1321 1266 nimium
1339 1234 1508 1267 addictus.
1553 1234 1619 1267 De-

259 1300 354 1322 inum
379 1300 399 1321 a
427 1300 508 1333 rege
532 1288 683 1333 Magnae
710 1288 915 1321 Britanniae
940 1289 1032 1322 inter
1057 1290 1262 1322 domesticos
1288 1290 1437 1322 medicos
1463 1291 1618 1329 allectus,

257 1345 396 1388 aliquod
426 1345 622 1378 studiorum
656 1355 799 1377 suorum
836 1346 1030 1388 praemium
1064 1346 1204 1379 videtur
1238 1351 1452 1385 consecutus,
1490 1346 1621 1380 Graece

258 1400 451 1444 Latineque
482 1401 713 1439 doctissimus,
745 1411 848 1434 versu
877 1401 988 1433 bonus
1015 1406 1049 1434 et
1074 1413 1187 1445 prosa,
1221 1402 1381 1435 omnibus
1413 1402 1618 1435 cultioribus

257 1457 401 1495 artibus,
431 1457 490 1489 sed
519 1457 669 1489 maxime
697 1456 877 1501 spagiricis
905 1457 1107 1492 instructus.
1171 1457 1280 1491 Varia
1309 1458 1523 1501 publicavit;
1556 1470 1619 1502 ego

260 1517 396 1546 tantum
417 1513 489 1544 vidi

402 1568 569 1601 Poemata
586 1568 683 1601 varia
1128 1572 1186 1604 lib.
1209 1580 1232 1603 1.

401 1623 670 1668 Epigrammata
687 1625 785 1657 varia
1128 1627 1186 1660 lib.
1208 1636 1231 1659 1.

403 1680 536 1713 Contra
555 1679 736 1713 Vorstium
755 1681 964 1714 haereticum
1124 1683 1184 1716 lib.
1207 1692 1230 1715 1.

403 1735 682 1769 Declamationes
701 1736 964 1780 Philosophicas
1128 1739 1187 1771 lib.
1208 1748 1231 1771 Ι.

401 1791 568 1825 Duellum
588 1791 766 1825 Poeticum
786 1803 863 1825 cum
883 1793 1034 1838 Georgio
1053 1794 1267 1827 Buchanano
1285 1796 1321 1828 in
1341 1796 1497 1829 versione
1524 1797 1620 1830 Psal-

449 1848 497 1880 mi
516 1857 593 1880 CIV.
613 1859 681 1891 quo
699 1860 802 1891 opere
825 1850 947 1881 vellem
970 1850 1205 1889 abstinuisset,
1230 1862 1300 1883 non
1323 1852 1416 1894 quod
1439 1853 1618 1896 ingenium

451 1909 681 1943 contemnam,
699 1905 759 1937 sed
777 1905 859 1948 quia
884 1905 1017 1938 felicius
1042 1907 1137 1938 aliud
1161 1912 1418 1951 argumentum,
1444 1913 1478 1941 et
1503 1909 1619 1941 minus

451 1960 662 1993 invidiosum
681 1961 806 2004 eligere
824 1961 1005 2003 potuisset.

401 2014 533 2047 Contra
551 2015 724 2048 Thomam
744 2016 894 2049 Reidum
1128 2019 1186 2052 lib.
1208 2028 1231 2051 1.

403 2070 689 2113 Praeparationes
709 2071 1042 2106 Medicamentorum
1127 2074 1186 2107 lib.
1207 2084 1230 2107 1.

308 2126 405 2159 Vivit
423 2126 534 2158 adhuc
553 2126 716 2165 Londini,
743 2138 848 2170 quam
872 2129 972 2173 longe
995 2134 1110 2172 potest
1134 2130 1178 2163 ab
1201 2131 1312 2164 aulico
1331 2133 1486 2166 tumultu
1505 2133 1617 2166 Musis

259 2193 395 2220 vacans,
414 2192 499 2225 quas
518 2182 607 2215 serio
625 2193 706 2215 sane
724 2189 758 2215 et
778 2183 866 2216 bona
885 2183 950 2216 fide
967 2185 1058 2218 colit.

882 2242 903 2271 2
924 2247 950 2271 N
