1861 2682
637 271 809 302 GENTIS
833 269 1105 307 SCOTORUM,
1131 270 1217 301 LIB.
1243 270 1286 301 11.
1584 271 1638 299 1⁶21

428 361 665 396 Praefationes
683 365 851 397 solemnes
1392 362 1451 395 lib.
1472 371 1495 395 1.

428 417 471 450 In
490 418 639 451 Ethicen
658 419 956 453 Commentarium
974 419 1114 452 uberem
1394 418 1453 451 lib.
1474 427 1497 451 Ι.

428 473 471 506 In
490 474 659 507 Politicen
677 475 876 508 Aristotelis
891 475 1160 508 Observationes
1180 475 1373 508 Historicas
1393 475 1452 508 lib.
1473 484 1496 508 1.

429 529 696 574 Epigrammata
714 530 845 563 Graeca
862 535 896 564 et
913 530 1042 564 Latina
1393 531 1452 564 lib.
1473 541 1497 564 Ι.

329 584 427 618 Vivit
446 586 558 619 adhuc
576 586 702 619 ibidem
721 588 796 626 loci,
816 587 870 619 vir
886 587 1093 620 suavissimo
1110 598 1248 620 morum
1265 591 1549 631 temperamento.

638 699 905 733 ROBERTUS
931 698 1151 732 BRUSIUS.
1203 702 1282 733 213.

280 810 495 844 ROBERTUS
514 811 674 850 Brusius,
701 812 940 850 Calvinianus,
965 812 1082 856 regius
1106 812 1337 851 concionator,
1364 823 1403 845 ac
1428 812 1543 856 regiae
1567 823 1639 845 ma-

274 868 395 911 jestati
414 867 556 911 juratus
574 868 694 905 hostis,
717 879 756 900 ac
774 873 961 901 contumax
979 868 1176 910 perduellis.
1225 867 1375 911 Reliqua
1388 869 1512 901 omitto
1529 869 1566 901 in
1584 879 1638 902 ca-

278 928 341 966 put
359 923 481 966 optimi
501 924 593 967 regis
617 923 906 962 machinamenta,
931 934 1040 956 uuum
1062 923 1207 956 sufficiet
1228 924 1368 963 crimen,
1396 925 1451 957 cui
1475 925 1639 957 diluendo

276 980 372 1011 nulla
390 980 456 1012 erit
474 990 537 1022 par
554 990 706 1023 unquam
726 979 897 1012 facundia.
950 979 1040 1012 Cum
1063 990 1124 1012 rex
1147 990 1238 1012 anno
1264 988 1438 1013 MDXCVI.
1463 981 1517 1013 die
1537 989 1637 1013 XVII.

277 1035 500 1078 Septembris,
528 1037 701 1080 allegisset
724 1036 760 1068 in
783 1041 941 1068 senatum
965 1035 1040 1078 pios
1061 1035 1230 1078 quosdam
1254 1041 1288 1068 et
1312 1035 1508 1069 Catholicos
1534 1036 1637 1075 viros,

276 1091 406 1124 indicta
423 1096 506 1124 sunt
523 1092 642 1124 statim
660 1092 810 1131 comitia,
828 1092 955 1135 quibus
973 1092 1014 1124 de
1032 1102 1112 1135 rege
1130 1091 1166 1123 in
1188 1092 1344 1124 ordinem
1370 1092 1568 1136 redigendo,
1596 1103 1638 1125 ex

276 1148 445 1191 evangelii
472 1148 686 1190 praescripto
709 1152 761 1180 est
784 1153 921 1187 actum3
949 1148 1138 1181 secundum
1161 1159 1200 1180 ea
1224 1147 1399 1180 Robertus
1425 1148 1574 1181 Brusius
1598 1149 1638 1181 li-

275 1208 365 1235 teras
396 1203 491 1235 dedit
525 1203 568 1235 ad
596 1203 757 1235 comitem
792 1203 1050 1236 Hamiltonium
1083 1204 1283 1246 proximum
1314 1205 1413 1248 regni
1440 1205 1635 1244 haeredem,

273 1259 392 1301 plenas
410 1259 550 1301 quidem
569 1259 645 1291 illas
663 1259 762 1301 impii
780 1259 817 1291 in
839 1260 971 1303 regiam
998 1260 1216 1303 majestatem
1242 1261 1387 1299 consilii,
1406 1272 1555 1304 quarum
1580 1261 1636 1294 hic

274 1319 373 1347 tenor
390 1319 442 1347 est
460 1314 607 1348 fideliter
625 1325 667 1347 ex
685 1314 820 1347 Scotico
838 1315 875 1347 in
893 1315 1061 1348 Latinum
1080 1326 1271 1348 versarum.

323 1375 342 1389 ‘⁶
361 1370 395 1402 N
398 1382 442 1403 on
459 1371 669 1415 ambigimus
687 1371 772 1415 quin
786 1371 861 1414 jam
879 1371 1030 1403 audieris
1049 1371 1133 1413 quid
1151 1376 1308 1404 secutum
1326 1372 1372 1405 sit
1389 1383 1432 1405 ex
1455 1374 1636 1417 colloquio,

273 1427 363 1460 inter
381 1438 442 1460 nos
462 1432 496 1460 et
514 1427 736 1471 Majestatem
763 1438 862 1460 suam
888 1427 1018 1465 habito,
1045 1427 1164 1459 crebra
1187 1428 1353 1470 utrinque
1375 1429 1564 1468 altercatio,
1587 1434 1637 1463 at-

272 1494 338 1526 que
353 1484 457 1516 etiam
472 1495 492 1516 a
503 1484 702 1517 constitutis
714 1484 892 1516 discessio:
907 1484 966 1516 illa
977 1484 1088 1526 specie
1096 1483 1241 1516 fiduciae
1255 1488 1289 1517 et
1303 1484 1533 1523 induciarum,
1548 1487 1637 1518 mul-

273 1545 307 1572 ta
321 1539 386 1572 sibi
402 1540 591 1584 arrogavit,
605 1541 712 1573 donec
726 1541 866 1573 tandem
880 1540 1080 1583 malignitas
1092 1541 1207 1582 palam
1218 1539 1310 1573 facta
1322 1545 1384 1573 est.
1428 1541 1483 1574 Eo
1494 1542 1634 1574 demum

271 1607 324 1628 res
343 1596 493 1634 devenit,
512 1600 553 1628 ut
574 1596 747 1639 stipendia
769 1596 1031 1640 abrogarentur,
1054 1601 1266 1629 commeatus
1289 1597 1507 1640 publicorum
1532 1599 1636 1631 comi-

271 1653 399 1684 tiorum
423 1652 584 1691 abolitus,
602 1652 759 1695 deputati
777 1652 862 1685 urbe
880 1652 1042 1684 excedere
1056 1652 1158 1696 jussi,
1182 1652 1298 1685 David
1316 1653 1427 1686 Black
1453 1655 1634 1697 perduellii

270 1709 447 1741 convictus
467 1709 644 1741 custodiae
669 1709 896 1751 mancipatus,
921 1713 954 1740 et
978 1719 1040 1740 nos
1064 1709 1138 1752 lege
1157 1709 1232 1752 jam
1256 1709 1327 1742 lata
1349 1721 1466 1752 parem
1488 1721 1634 1753 poenam

270 1765 415 1806 passuri,
434 1769 469 1797 et
486 1765 528 1796 ad
548 1765 711 1797 ultimum
731 1775 879 1808 magnus
898 1765 1035 1807 piorum
1054 1776 1231 1804 numerus,
1254 1767 1473 1810 maximeque
1496 1767 1547 1799 illi
1573 1768 1633 1810 qui

270 1819 471 1853 ferventiori
485 1821 601 1853 studio
616 1821 708 1863 piam
728 1821 816 1853 hanc
834 1821 1011 1865 religionis
1027 1832 1166 1854 causam
1177 1822 1339 1864 amplexi,
1354 1823 1439 1855 urbe
1453 1824 1563 1866 pulsi3
1585 1824 1634 1857 ita

270 1881 309 1908 ut
325 1878 472 1919 populus
491 1878 662 1910 excitatus
681 1878 821 1920 partim,
840 1882 880 1909 ut
898 1882 1052 1920 apparet,
1072 1878 1107 1909 vi
1125 1878 1222 1910 verbi
1240 1879 1339 1916 sacri,
1358 1880 1487 1922 partim
1512 1891 1555 1912 ne
1580 1881 1633 1913 vis

271 1932 367 1964 nobis
382 1932 552 1965 inferatur
566 1938 637 1966 tam
653 1934 806 1966 violento
827 1944 942 1965 rerum
963 1944 1077 1972 cursu,
1095 1934 1139 1966 ad
1157 1945 1254 1967 arma
1271 1936 1474 1974 cucurrerit,
1489 1947 1568 1969 cum
1583 1938 1634 1969 vi-

270 1988 365 2020 deret
384 1999 445 2020 nos
463 1999 543 2021 suos
562 1994 716 2032 pastores
734 1990 828 2032 peti3
848 1990 906 2022 sed
925 2000 986 2022 nos
1005 1989 1080 2022 Deo
1097 1991 1248 2033 propitio
1266 1990 1359 2023 hunc
1376 1990 1525 2025 furentis
1544 1994 1632 2026 mul-

270 2044 430 2076 titudinis
445 2045 702 2088 concitataeque
715 2046 908 2078 tumultum
923 2057 940 2078 e
953 2047 1101 2091 vestigio
1115 2047 1352 2089 repressimus.
1392 2047 1632 2082 Nihilominus

270 2100 316 2142 pii
337 2100 480 2132 barones
499 2105 533 2132 et
551 2101 692 2138 nobiles,
711 2102 771 2144 qui
790 2102 845 2134 hic
863 2102 898 2134 in
917 2103 1001 2136 urbe
1019 2107 1129 2141 erant,
1147 2103 1314 2141 coierunt,
1338 2115 1376 2136 ac
1399 2106 1631 2147 patrocinium

270 2157 305 2188 in
324 2167 359 2188 se
377 2156 535 2188 ecclesiae
552 2161 801 2199 pastorumque
824 2159 918 2191 ultro
943 2164 1180 2202 susceperunt.
1227 2159 1334 2192 Deest
1360 2160 1503 2194 factioni
1529 2169 1630 2205 caput

268 2217 301 2245 et
319 2212 506 2254 primarius
526 2212 651 2254 aliquis
669 2213 861 2246 nobilitatis
879 2214 1012 2253 ductor,
1030 2215 1090 2258 qui
1109 2227 1162 2248 res
1181 2224 1253 2249 tam
1280 2217 1447 2259 ancipites
1471 2229 1632 2260 praesens

270 2268 475 2300 auctoritate
507 2279 569 2300 sua
594 2267 719 2306 firmet,
751 2279 788 2300 ac
819 2274 938 2302 contra
967 2281 1084 2314 regem
1115 2276 1266 2305 tueatur.
1330 2272 1446 2310 Quare
1474 2274 1631 2306 unanimi

267 2335 436 2357 consensu
454 2324 617 2367 imposita
635 2323 703 2357 fuit
721 2325 807 2358 mihi
826 2325 869 2358 ad
887 2330 921 2358 te
944 2327 1115 2360 scribendi
1134 2329 1336 2370 provincia3
1360 2334 1393 2362 et
1418 2340 1494 2362 cum
1519 2330 1547 2361 is
1572 2329 1631 2362 ho-

945 2390 969 2414 R
