1861 2682
642 229 814 261 GENTIS
839 228 1111 266 SCOTORUM,
1136 229 1223 260 LIB.
1252 229 1287 259 V.
1581 231 1642 259 245

279 325 349 358 rico
367 324 573 366 imperatore
588 322 771 356 Fuldensis
786 322 890 355 abbas
905 322 1017 354 factus
1036 323 1125 355 circa
1143 332 1273 355 annum
1294 329 1470 354 MCXVIII.
1520 321 1640 354 Munt-

278 391 378 414 zerus
396 380 525 413 Chron.
545 379 708 412 German.
761 379 949 411 Browerus
968 379 1024 412 lib.
1047 387 1097 411 IV.

703 490 737 523 S.
766 490 1078 524 EGEBERTUS.
1131 492 1211 523 448.

276 604 310 637 S.
346 603 594 636 EGEBERTUS
628 603 733 635 abbas
768 602 952 636 Fuldensis
987 604 1188 636 nominatur
1222 604 1259 635 in
1294 603 1395 636 rebus
1436 603 1638 635 Machabaei

276 661 367 705 regis
395 660 487 703 apud
515 659 686 692 Joannem
714 659 895 692 Leslaeum
920 660 978 693 lib.
1002 669 1037 692 v.
1065 665 1084 678 “
1104 660 1271 693 Doctrina
1295 664 1329 692 et
1353 660 1537 692 sanctitate
1561 670 1640 692 con—

275 717 416 760 spicuus
435 716 470 748 in
490 715 550 748 SS.
570 716 687 748 album
705 717 866 749 relatus.'’
909 716 1026 749 Uvion
1045 717 1103 749 lib.
1126 726 1183 749 ΙΙΙ.
1202 727 1281 760 pag.
1302 724 1486 748 CCCCXIV.
1535 715 1640 748 Huni·

275 783 345 805 non
364 783 482 805 omnes
501 772 642 805 Scotum
666 772 822 811 faciunt;
850 773 886 805 in
904 773 958 805 his
980 778 1032 806 est
1059 772 1331 815 Christophorus
1359 772 1558 810 Browerus,
1585 773 1637 804 cui

275 828 378 871 Eppo
402 833 454 861 est
480 828 538 861 lib.
559 837 611 861 IV.
638 827 853 871 Antiquitat.
882 829 1109 862 Fuldensium
1135 840 1213 873 pag.
1234 838 1384 861 CDXCII.
1437 827 1641 861 Hermanno

275 884 463 918 Contracto
481 885 517 917 in
537 885 710 918 Chronico
733 885 775 917 ad
798 896 926 918 annum
949 895 1067 918 MLIX.
1095 887 1184 918 male
1209 885 1409 918 Eberardus
1435 885 1638 928 appellatur.

278 941 396 986 Hujus
414 942 569 986 regimen
587 942 841 974 nobilissimum
860 941 939 980 fuit,
965 943 1094 985 quippe
1111 942 1361 974 monasterium
1387 953 1489 974 suum
1507 952 1525 973 a
1544 941 1640 985 regia

275 1003 445 1041 potestate
463 999 507 1031 ad
524 997 737 1041 pontificiam
755 998 905 1036 reduxit,
923 1002 963 1030 ut
981 998 1073 1030 idem
1097 996 1305 1029 Contractus
1331 996 1492 1029 observat
1515 997 1557 1028 ad
1582 1007 1639 1028 an-

275 1065 359 1087 uum
379 1063 500 1086 ML111.
545 1054 708 1086 Meminit
725 1054 831 1098 hujus
850 1054 1024 1087 Othlonus
1044 1053 1228 1085 Fuldensis
1247 1053 1282 1084 in
1300 1052 1385 1086 Vita
1399 1052 1433 1084 S.
1455 1051 1638 1084 Bonifacii.

275 1110 474 1142 Marianum
498 1110 639 1143 Scotum
663 1122 680 1143 e
706 1110 981 1143 Paderbornensi
999 1109 1163 1143 coenobio
1190 1113 1314 1141 exusto
1340 1108 1489 1141 Fuldam
1516 1108 1637 1146 duxit;

275 1166 435 1199 interfuit
461 1167 594 1209 synodo
620 1166 862 1210 Moguntinae,
889 1171 923 1199 et
941 1170 1121 1210 praesente
1148 1165 1301 1197 Henrico
1328 1165 1535 1208 imperatore
1561 1175 1640 1197 cau-

274 1233 346 1254 sam
365 1222 465 1255 dixit.
517 1222 675 1265 Scripsit,
693 1226 733 1255 ut
752 1223 876 1265 accepi,

419 1278 587 1311 Lecturas
606 1279 643 1310 in
661 1278 783 1310 Sacras
802 1278 999 1321 Scripturas
1195 1278 1254 1310 lib.
1275 1287 1298 1310 1.

419 1334 597 1377 Epistolas
615 1335 659 1367 ad
677 1333 830 1367 Leonem
849 1333 914 1367 IX.
933 1334 1066 1377 Papam
1194 1334 1253 1366 lib.
1276 1342 1298 1365 1.

418 1390 530 1434 Super
547 1390 648 1424 Actis
666 1389 840 1423 Bonifacii
1195 1390 1254 1423 lib.
1275 1399 1298 1423 1.

322 1447 445 1490 Coepit
464 1447 580 1479 sedere
598 1457 689 1479 anno
709 1455 890 1479 MXLVIII.
917 1451 951 1478 et
977 1450 1055 1490 post
1081 1447 1285 1480 decennium
1308 1447 1395 1480 obiit
1414 1454 1480 1478 XV.
1507 1447 1637 1479 calend.

275 1503 456 1536 Decembr.

716 1615 751 1648 S.
779 1615 1066 1650 ERTHADUS.
1117 1618 1198 1653 449.

275 1729 308 1761 S.
328 1728 564 1767 ERTHADUS,
582 1729 672 1762 mira
690 1729 782 1762 vitae
801 1729 1029 1762 sanctimonia
1047 1730 1227 1772 episcopus
1247 1729 1283 1761 in
1302 1728 1428 1768 Scotia,
1448 1731 1584 1774 scripsit

420 1784 588 1818 Lecturas
606 1786 642 1817 in
661 1785 778 1818 Biblia
1196 1786 1254 1818 lib.
1276 1795 1299 1818 1.

419 1841 472 1874 De
490 1842 621 1874 Divina
638 1841 803 1874 Essentia
1197 1842 1256 1875 lib.
1278 1851 1301 1874 1.

420 1897 615 1942 Allegorias
636 1897 759 1931 Sacras
1198 1898 1257 1931 lib.
1279 1908 1301 1930 1.

323 1953 461 1986 Floruit
490 1965 581 1987 anno
608 1963 889 1988 Decccxxxm.
941 1954 1078 1987 Colitur
1105 1955 1160 1997 pie
1190 1963 1303 1987 XXIV.
1332 1954 1431 1988 Julii.
1482 1955 1638 1988 Breviar.

276 2010 398 2042 Scotic.

752 2107 786 2140 S.
815 2106 1025 2141 ELIGIUS.
1079 2110 1159 2141 450.

276 2178 310 2210 S.
339 2177 521 2218 Ermum,
555 2177 664 2212 Gallis
691 2178 794 2223 Eloy,
828 2179 926 2213 Italis
954 2179 989 2212 S.
1021 2180 1101 2220 Alo,
1132 2180 1423 2226 Noviomagensis
1456 2182 1491 2214 in
1524 2181 1639 2214 Picar-

275 2233 332 2266 dia
357 2234 548 2278 episcopus,
575 2235 616 2267 de
641 2235 740 2280 cujus
770 2236 985 2269 memorabili
1015 2238 1198 2270 sanctitate
1225 2237 1399 2270 Baronius
1427 2238 1471 2270 ad
1502 2238 1637 2280 Marty-

279 2291 386 2334 rolog.
414 2290 562 2324 Roman.
590 2291 645 2323 die
672 2300 696 2323 Ι.
723 2290 935 2331 Decembris,
961 2296 996 2325 et
1021 2291 1112 2332 Ado,
1139 2293 1245 2333 Beda,
1274 2293 1468 2332 Usuardus,
1495 2293 1639 2326 Gallesi-
