<?xml version="1.0" encoding="UTF-8"?>
<!DOCTYPE html PUBLIC "-//W3C//DTD XHTML 1.0 Transitional//EN"
    "http://www.w3.org/TR/xhtml1/DTD/xhtml1-transitional.dtd">
<html xmlns="http://www.w3.org/1999/xhtml" xml:lang="en" lang="en">
 <head>
  <title>
</title>
<meta http-equiv="Content-Type" content="text/html;charset=utf-8" />
  <meta name='ocr-system' content='tesseract 3.04.00' />
  <meta name='ocr-capabilities' content='ocr_page ocr_carea ocr_par ocr_line ocrx_word'/>
</head>
<body>
  <div class='ocr_page' id='page_1' title='image "./thomaedempsterih00bann_0408.png"; bbox 0 0 1861 2682; ppageno 0'>
   <div class='ocr_carea' id='block_1_1' title="bbox 247 219 1230 259">
    <p class='ocr_par' dir='ltr' id='par_1_1' title="bbox 247 219 1230 259">
     <span class='ocr_line' id='line_1_1' title="bbox 247 219 1230 259; baseline 0.012 -12"><span class='ocrx_word' id='word_1_1' title='bbox 247 219 308 248; x_wconf 71' lang='lat'>:328</span> <span class='ocrx_word' id='word_1_2' title='bbox 618 223 844 256; x_wconf 88' lang='lat' dir='ltr'><strong>HISTORIA</strong></span> <span class='ocrx_word' id='word_1_3' title='bbox 868 225 1230 259; x_wconf 89' lang='lat' dir='ltr'>ECCLESIASTICA</span> 
     </span>
    </p>
   </div>
   <div class='ocr_carea' id='block_1_2' title="bbox 250 312 929 403">
    <p class='ocr_par' dir='ltr' id='par_1_2' title="bbox 250 312 929 403">
     <span class='ocr_line' id='line_1_2' title="bbox 250 312 929 357; baseline 0.009 -14"><span class='ocrx_word' id='word_1_4' title='bbox 250 312 343 354; x_wconf 84' lang='lat' dir='ltr'>quid,</span> <span class='ocrx_word' id='word_1_5' title='bbox 362 323 431 346; x_wconf 87' lang='lat' dir='ltr'>non</span> <span class='ocrx_word' id='word_1_6' title='bbox 449 315 582 357; x_wconf 81' lang='lat' dir='ltr'>reperi3</span> <span class='ocrx_word' id='word_1_7' title='bbox 610 319 700 348; x_wconf 90' lang='lat' dir='ltr'>certe</span> <span class='ocrx_word' id='word_1_8' title='bbox 717 315 805 348; x_wconf 90' lang='lat' dir='ltr'>nihil</span> <span class='ocrx_word' id='word_1_9' title='bbox 823 321 929 349; x_wconf 87' lang='lat' dir='ltr'>extat.</span> 
     </span>
     <span class='ocr_line' id='line_1_3' title="bbox 299 368 714 403; baseline 0.007 -3"><span class='ocrx_word' id='word_1_10' title='bbox 299 368 435 402; x_wconf 85' lang='lat' dir='ltr'>Floruit</span> <span class='ocrx_word' id='word_1_11' title='bbox 453 380 543 402; x_wconf 88' lang='lat' dir='ltr'>anno</span> <span class='ocrx_word' id='word_1_12' title='bbox 563 378 714 403; x_wconf 75' lang='lat' dir='ltr'>mcxcv·</span> 
     </span>
    </p>
   </div>
   <div class='ocr_carea' id='block_1_3' title="bbox 705 482 1141 519">
    <p class='ocr_par' dir='ltr' id='par_1_3' title="bbox 705 482 1141 519">
     <span class='ocr_line' id='line_1_4' title="bbox 705 482 1141 519; baseline 0.007 -4"><span class='ocrx_word' id='word_1_13' title='bbox 705 482 1006 517; x_wconf 87' lang='lat' dir='ltr'>GULIELMUS.</span> <span class='ocrx_word' id='word_1_14' title='bbox 1061 483 1141 519; x_wconf 85' lang='lat'><strong>613.</strong></span> 
     </span>
    </p>
   </div>
   <div class='ocr_carea' id='block_1_4' title="bbox 245 593 1602 1025">
    <p class='ocr_par' dir='ltr' id='par_1_4' title="bbox 245 593 1602 1025">
     <span class='ocr_line' id='line_1_5' title="bbox 248 593 1602 647; baseline 0.009 -22"><span class='ocrx_word' id='word_1_15' title='bbox 248 593 491 627; x_wconf 70' lang='lat' dir='ltr'><strong>GL&#39;LIELMUS</strong></span> <span class='ocrx_word' id='word_1_16' title='bbox 509 595 642 634; x_wconf 87' lang='lat' dir='ltr'>Scotus,</span> <span class='ocrx_word' id='word_1_17' title='bbox 661 596 785 628; x_wconf 90' lang='lat' dir='ltr'>tertius</span> <span class='ocrx_word' id='word_1_18' title='bbox 809 597 1045 631; x_wconf 85' lang='lat' dir='ltr'><strong>sanctissimae</strong></span> <span class='ocrx_word' id='word_1_19' title='bbox 1072 597 1257 633; x_wconf 82' lang='lat' dir='ltr'>Trinitatis</span> <span class='ocrx_word' id='word_1_20' title='bbox 1284 602 1415 635; x_wconf 88' lang='lat' dir='ltr'>ordinis</span> <span class='ocrx_word' id='word_1_21' title='bbox 1433 605 1602 647; x_wconf 78' lang='lat' dir='ltr'>generalis</span> 
     </span>
     <span class='ocr_line' id='line_1_6' title="bbox 247 650 1602 693; baseline 0.009 -12"><span class='ocrx_word' id='word_1_22' title='bbox 247 650 415 689; x_wconf 86' lang='lat' dir='ltr'>minister,</span> <span class='ocrx_word' id='word_1_23' title='bbox 447 651 625 684; x_wconf 85' lang='lat' dir='ltr'>monachis</span> <span class='ocrx_word' id='word_1_24' title='bbox 654 652 725 683; x_wconf 91' lang='lat' dir='ltr'>suis</span> <span class='ocrx_word' id='word_1_25' title='bbox 756 651 918 685; x_wconf 83' lang='lat' dir='ltr'>Atrebati</span> <span class='ocrx_word' id='word_1_26' title='bbox 946 653 984 685; x_wconf 92' lang='lat' dir='ltr'>in</span> <span class='ocrx_word' id='word_1_27' title='bbox 1014 653 1048 687; x_wconf 88' lang='lat' dir='ltr'>S.</span> <span class='ocrx_word' id='word_1_28' title='bbox 1077 654 1254 689; x_wconf 82' lang='lat' dir='ltr'>vincentii</span> <span class='ocrx_word' id='word_1_29' title='bbox 1286 657 1452 692; x_wconf 87' lang='lat' dir='ltr'>suburbio</span> <span class='ocrx_word' id='word_1_30' title='bbox 1482 670 1602 693; x_wconf 89' lang='lat' dir='ltr'>coeno-</span> 
     </span>
     <span class='ocr_line' id='line_1_7' title="bbox 247 705 1602 754; baseline 0.008 -16"><span class='ocrx_word' id='word_1_31' title='bbox 247 705 342 738; x_wconf 87' lang='lat' dir='ltr'>bium</span> <span class='ocrx_word' id='word_1_32' title='bbox 361 706 522 745; x_wconf 86' lang='lat' dir='ltr'>obtinuit,</span> <span class='ocrx_word' id='word_1_33' title='bbox 542 708 641 751; x_wconf 85' lang='lat' dir='ltr'>cujus</span> <span class='ocrx_word' id='word_1_34' title='bbox 660 708 827 750; x_wconf 87' lang='lat' dir='ltr'>templum</span> <span class='ocrx_word' id='word_1_35' title='bbox 846 708 890 741; x_wconf 88' lang='lat' dir='ltr'>ab</span> <span class='ocrx_word' id='word_1_36' title='bbox 906 708 1057 754; x_wconf 87' lang='lat' dir='ltr'>Hugone</span> <span class='ocrx_word' id='word_1_37' title='bbox 1071 710 1272 751; x_wconf 86' lang='lat' dir='ltr'>Viennensi,</span> <span class='ocrx_word' id='word_1_38' title='bbox 1287 712 1474 748; x_wconf 90' lang='lat' dir='ltr'>Bisuntino</span> <span class='ocrx_word' id='word_1_39' title='bbox 1492 717 1602 749; x_wconf 86' lang='lat' dir='ltr'>archi-</span> 
     </span>
     <span class='ocr_line' id='line_1_8' title="bbox 247 762 1601 809; baseline 0.009 -16"><span class='ocrx_word' id='word_1_40' title='bbox 247 762 415 804; x_wconf 79' lang='lat' dir='ltr'>episcopo,</span> <span class='ocrx_word' id='word_1_41' title='bbox 451 769 698 802; x_wconf 83' lang='lat' dir='ltr'>consecratum,</span> <span class='ocrx_word' id='word_1_42' title='bbox 735 764 973 806; x_wconf 84' lang='lat' dir='ltr'>praesentibus</span> <span class='ocrx_word' id='word_1_43' title='bbox 1008 766 1240 809; x_wconf 85' lang='lat' dir='ltr'>Neapolitano</span> <span class='ocrx_word' id='word_1_44' title='bbox 1268 774 1302 802; x_wconf 88' lang='lat' dir='ltr'>et</span> <span class='ocrx_word' id='word_1_45' title='bbox 1332 769 1601 805; x_wconf 74' lang='lat' dir='ltr'>claromontano</span> 
     </span>
     <span class='ocr_line' id='line_1_9' title="bbox 246 818 1600 870; baseline 0.009 -21"><span class='ocrx_word' id='word_1_46' title='bbox 246 818 488 851; x_wconf 83' lang='lat' dir='ltr'>cardinalibus.</span> <span class='ocrx_word' id='word_1_47' title='bbox 548 818 700 852; x_wconf 88' lang='lat' dir='ltr'>Ferreol.</span> <span class='ocrx_word' id='word_1_48' title='bbox 732 819 877 854; x_wconf 87' lang='lat' dir='ltr'>Locrius</span> <span class='ocrx_word' id='word_1_49' title='bbox 906 820 1078 855; x_wconf 89' lang='lat' dir='ltr'>Chronico</span> <span class='ocrx_word' id='word_1_50' title='bbox 1110 823 1225 868; x_wconf 90' lang='lat' dir='ltr'>Belgii</span> <span class='ocrx_word' id='word_1_51' title='bbox 1255 835 1344 870; x_wconf 86' lang='lat' dir='ltr'>pag..</span> <span class='ocrx_word' id='word_1_52' title='bbox 1363 835 1600 861; x_wconf 75' lang='lat' dir='ltr'>CCCLXXXII.</span> 
     </span>
     <span class='ocr_line' id='line_1_10' title="bbox 245 872 557 916; baseline 0.006 -11"><span class='ocrx_word' id='word_1_53' title='bbox 245 872 428 916; x_wconf 78' lang='lat' dir='ltr'>Scripsisse</span> <span class='ocrx_word' id='word_1_54' title='bbox 445 874 557 908; x_wconf 87' lang='lat' dir='ltr'>fertur</span> 
     </span>
     <span class='ocr_line' id='line_1_11' title="bbox 388 929 1264 977; baseline 0.008 -15"><span class='ocrx_word' id='word_1_55' title='bbox 388 929 499 973; x_wconf 84' lang='lat' dir='ltr'>Super</span> <span class='ocrx_word' id='word_1_56' title='bbox 516 931 658 964; x_wconf 86' lang='lat' dir='ltr'>Ordinis</span> <span class='ocrx_word' id='word_1_57' title='bbox 677 932 730 965; x_wconf 89' lang='lat' dir='ltr'>sui</span> <span class='ocrx_word' id='word_1_58' title='bbox 748 931 930 977; x_wconf 88' lang='lat' dir='ltr'>Dignitate</span> <span class='ocrx_word' id='word_1_59' title='bbox 1161 936 1219 969; x_wconf 93' lang='lat' dir='ltr'>lib.</span> <span class='ocrx_word' id='word_1_60' title='bbox 1241 945 1264 969; x_wconf 90' lang='grc' dir='ltr'>Ι.</span> 
     </span>
     <span class='ocr_line' id='line_1_12' title="bbox 292 985 1388 1025; baseline 0.007 -8"><span class='ocrx_word' id='word_1_61' title='bbox 292 985 454 1019; x_wconf 84' lang='lat' dir='ltr'>Florebat</span> <span class='ocrx_word' id='word_1_62' title='bbox 471 997 562 1020; x_wconf 83' lang='lat' dir='ltr'>anno</span> <span class='ocrx_word' id='word_1_63' title='bbox 582 996 721 1021; x_wconf 78' lang='lat' dir='ltr'>MCCIX.</span> <span class='ocrx_word' id='word_1_64' title='bbox 741 993 803 1021; x_wconf 87' lang='lat' dir='ltr'>aut</span> <span class='ocrx_word' id='word_1_65' title='bbox 821 988 910 1023; x_wconf 86' lang='lat' dir='ltr'>forte</span> <span class='ocrx_word' id='word_1_66' title='bbox 928 991 1038 1024; x_wconf 82' lang='lat' dir='ltr'>serius</span> <span class='ocrx_word' id='word_1_67' title='bbox 1057 1002 1148 1024; x_wconf 87' lang='lat' dir='ltr'>anno</span> <span class='ocrx_word' id='word_1_68' title='bbox 1168 1000 1388 1025; x_wconf 78' lang='lat' dir='ltr'>MCCCXLVI.</span> 
     </span>
    </p>
   </div>
   <div class='ocr_carea' id='block_1_5' title="bbox 646 1100 1197 1136">
    <p class='ocr_par' dir='ltr' id='par_1_5' title="bbox 646 1100 1197 1136">
     <span class='ocr_line' id='line_1_13' title="bbox 646 1100 1197 1136; baseline 0.005 -3"><span class='ocrx_word' id='word_1_69' title='bbox 646 1100 803 1133; x_wconf 88' lang='lat' dir='ltr'>SIMON</span> <span class='ocrx_word' id='word_1_70' title='bbox 829 1101 1065 1135; x_wconf 86' lang='lat' dir='ltr'>GRAIMUS.</span> <span class='ocrx_word' id='word_1_71' title='bbox 1117 1102 1197 1136; x_wconf 83' lang='lat'>614.</span> 
     </span>
    </p>
   </div>
   <div class='ocr_carea' id='block_1_6' title="bbox 242 1209 1599 1526">
    <p class='ocr_par' dir='ltr' id='par_1_6' title="bbox 242 1209 1599 1526">
     <span class='ocr_line' id='line_1_14' title="bbox 243 1209 1599 1260; baseline 0.007 -18"><span class='ocrx_word' id='word_1_72' title='bbox 243 1209 375 1243; x_wconf 76' lang='lat' dir='ltr'>SIMON</span> <span class='ocrx_word' id='word_1_73' title='bbox 398 1211 572 1249; x_wconf 86' lang='lat' dir='ltr'>Graiinus‚</span> <span class='ocrx_word' id='word_1_74' title='bbox 599 1213 744 1247; x_wconf 84' lang='lat' dir='ltr'>honesto</span> <span class='ocrx_word' id='word_1_75' title='bbox 763 1216 835 1247; x_wconf 91' lang='lat' dir='ltr'>loco</span> <span class='ocrx_word' id='word_1_76' title='bbox 859 1218 960 1246; x_wconf 82' lang='lat' dir='ltr'>natus</span> <span class='ocrx_word' id='word_1_77' title='bbox 987 1214 1209 1260; x_wconf 86' lang='lat' dir='ltr'>Edimburgi,</span> <span class='ocrx_word' id='word_1_78' title='bbox 1236 1216 1349 1249; x_wconf 87' lang='lat' dir='ltr'>taedio</span> <span class='ocrx_word' id='word_1_79' title='bbox 1369 1216 1461 1250; x_wconf 85' lang='lat' dir='ltr'>vitae</span> <span class='ocrx_word' id='word_1_80' title='bbox 1479 1219 1599 1251; x_wconf 90' lang='lat' dir='ltr'>soluti-</span> 
     </span>
     <span class='ocr_line' id='line_1_15' title="bbox 243 1267 1597 1315; baseline 0.006 -17"><span class='ocrx_word' id='word_1_81' title='bbox 243 1267 321 1304; x_wconf 84' lang='lat' dir='ltr'>oris,</span> <span class='ocrx_word' id='word_1_82' title='bbox 341 1267 395 1299; x_wconf 91' lang='lat' dir='ltr'>cui</span> <span class='ocrx_word' id='word_1_83' title='bbox 413 1278 449 1300; x_wconf 90' lang='lat' dir='ltr'>se</span> <span class='ocrx_word' id='word_1_84' title='bbox 467 1268 527 1300; x_wconf 91' lang='lat' dir='ltr'>diu</span> <span class='ocrx_word' id='word_1_85' title='bbox 545 1269 813 1312; x_wconf 82' lang='lat' dir='ltr'>mancipaverat,</span> <span class='ocrx_word' id='word_1_86' title='bbox 833 1270 969 1303; x_wconf 82' lang='lat' dir='ltr'>vocanti</span> <span class='ocrx_word' id='word_1_87' title='bbox 994 1271 1132 1304; x_wconf 86' lang='lat' dir='ltr'>tandem</span> <span class='ocrx_word' id='word_1_88' title='bbox 1157 1271 1303 1315; x_wconf 91' lang='lat' dir='ltr'>Spiritui</span> <span class='ocrx_word' id='word_1_89' title='bbox 1322 1271 1448 1305; x_wconf 85' lang='lat' dir='ltr'>Sancto</span> <span class='ocrx_word' id='word_1_90' title='bbox 1471 1275 1597 1315; x_wconf 87' lang='lat' dir='ltr'>paruit,</span> 
     </span>
     <span class='ocr_line' id='line_1_16' title="bbox 243 1323 1598 1371; baseline 0.005 -17"><span class='ocrx_word' id='word_1_91' title='bbox 243 1328 276 1354; x_wconf 86' lang='lat' dir='ltr'>et</span> <span class='ocrx_word' id='word_1_92' title='bbox 295 1323 495 1367; x_wconf 73' lang='lat' dir='ltr'>religiosum</span> <span class='ocrx_word' id='word_1_93' title='bbox 514 1324 548 1356; x_wconf 87' lang='lat' dir='ltr'>S.</span> <span class='ocrx_word' id='word_1_94' title='bbox 570 1324 599 1356; x_wconf 89' lang='lat' dir='ltr'><strong>F</strong></span> <span class='ocrx_word' id='word_1_95' title='bbox 602 1325 745 1358; x_wconf 83' lang='lat' dir='ltr'>rancisci</span> <span class='ocrx_word' id='word_1_96' title='bbox 765 1327 806 1359; x_wconf 93' lang='lat' dir='ltr'>de</span> <span class='ocrx_word' id='word_1_97' title='bbox 830 1326 941 1359; x_wconf 83' lang='lat' dir='ltr'>Paula</span> <span class='ocrx_word' id='word_1_98' title='bbox 966 1326 1124 1360; x_wconf 87' lang='lat' dir='ltr'>habitum</span> <span class='ocrx_word' id='word_1_99' title='bbox 1150 1328 1276 1366; x_wconf 90' lang='lat' dir='ltr'>induit,</span> <span class='ocrx_word' id='word_1_100' title='bbox 1303 1328 1461 1371; x_wconf 85' lang='lat' dir='ltr'>diemque</span> <span class='ocrx_word' id='word_1_101' title='bbox 1487 1335 1598 1362; x_wconf 84' lang='lat' dir='ltr'>extre-</span> 
     </span>
     <span class='ocr_line' id='line_1_17' title="bbox 242 1381 1596 1426; baseline 0.004 -16"><span class='ocrx_word' id='word_1_102' title='bbox 242 1389 337 1411; x_wconf 89' lang='lat' dir='ltr'>mum</span> <span class='ocrx_word' id='word_1_103' title='bbox 356 1390 482 1424; x_wconf 84' lang='lat' dir='ltr'>magna</span> <span class='ocrx_word' id='word_1_104' title='bbox 500 1381 639 1423; x_wconf 87' lang='lat' dir='ltr'>pietatis</span> <span class='ocrx_word' id='word_1_105' title='bbox 663 1382 835 1424; x_wconf 90' lang='lat' dir='ltr'>opinione,</span> <span class='ocrx_word' id='word_1_106' title='bbox 863 1383 945 1414; x_wconf 89' lang='lat' dir='ltr'>dum</span> <span class='ocrx_word' id='word_1_107' title='bbox 964 1383 1097 1425; x_wconf 84' lang='lat' dir='ltr'>patriae</span> <span class='ocrx_word' id='word_1_108' title='bbox 1118 1394 1199 1416; x_wconf 87' lang='lat' dir='ltr'>suae</span> <span class='ocrx_word' id='word_1_109' title='bbox 1224 1384 1385 1426; x_wconf 83' lang='lat' dir='ltr'>prodesse</span> <span class='ocrx_word' id='word_1_110' title='bbox 1411 1385 1497 1422; x_wconf 82' lang='lat' dir='ltr'>vult,</span> <span class='ocrx_word' id='word_1_111' title='bbox 1523 1385 1596 1417; x_wconf 88' lang='lat' dir='ltr'>fini-</span> 
     </span>
     <span class='ocr_line' id='line_1_18' title="bbox 243 1434 1596 1483; baseline 0.005 -17"><span class='ocrx_word' id='word_1_112' title='bbox 243 1435 304 1467; x_wconf 81' lang='lat' dir='ltr'>vit.</span> <span class='ocrx_word' id='word_1_113' title='bbox 355 1434 500 1478; x_wconf 89' lang='lat' dir='ltr'>Scripsit</span> <span class='ocrx_word' id='word_1_114' title='bbox 520 1437 671 1479; x_wconf 86' lang='lat' dir='ltr'>plurima</span> <span class='ocrx_word' id='word_1_115' title='bbox 693 1438 935 1471; x_wconf 86' lang='lat' dir='ltr'>amoenissimo</span> <span class='ocrx_word' id='word_1_116' title='bbox 960 1438 1110 1482; x_wconf 86' lang='lat' dir='ltr'>ingenio,</span> <span class='ocrx_word' id='word_1_117' title='bbox 1136 1450 1197 1472; x_wconf 91' lang='lat' dir='ltr'>nec</span> <span class='ocrx_word' id='word_1_118' title='bbox 1222 1440 1359 1483; x_wconf 87' lang='lat' dir='ltr'>vulgari</span> <span class='ocrx_word' id='word_1_119' title='bbox 1378 1441 1596 1482; x_wconf 88' lang='lat' dir='ltr'>eloquentia:</span> 
     </span>
     <span class='ocr_line' id='line_1_19' title="bbox 244 1490 362 1526; baseline 0.042 -5"><span class='ocrx_word' id='word_1_120' title='bbox 244 1490 279 1522; x_wconf 88' lang='lat' dir='ltr'>in</span> <span class='ocrx_word' id='word_1_121' title='bbox 297 1491 362 1526; x_wconf 73' lang='lat' dir='ltr'>his,</span> 
     </span>
    </p>
   </div>
   <div class='ocr_carea' id='block_1_7' title="bbox 385 1547 1213 1695">
    <p class='ocr_par' dir='ltr' id='par_1_7' title="bbox 385 1547 1213 1695">
     <span class='ocr_line' id='line_1_20' title="bbox 386 1547 1209 1583; baseline 0.004 -3"><span class='ocrx_word' id='word_1_122' title='bbox 386 1547 472 1580; x_wconf 86' lang='lat' dir='ltr'>Vale</span> <span class='ocrx_word' id='word_1_123' title='bbox 490 1548 667 1581; x_wconf 87' lang='lat' dir='ltr'>Foeminis</span> <span class='ocrx_word' id='word_1_124' title='bbox 1106 1550 1165 1583; x_wconf 93' lang='lat' dir='ltr'>lib.</span> <span class='ocrx_word' id='word_1_125' title='bbox 1187 1560 1209 1583; x_wconf 90' lang='lat'>1.</span> 
     </span>
     <span class='ocr_line' id='line_1_21' title="bbox 385 1603 1210 1646; baseline 0.005 -11"><span class='ocrx_word' id='word_1_126' title='bbox 385 1603 438 1636; x_wconf 88' lang='lat' dir='ltr'>De</span> <span class='ocrx_word' id='word_1_127' title='bbox 456 1603 668 1646; x_wconf 86' lang='lat' dir='ltr'>Contemptu</span> <span class='ocrx_word' id='word_1_128' title='bbox 686 1605 812 1637; x_wconf 88' lang='lat' dir='ltr'>Mundi</span> <span class='ocrx_word' id='word_1_129' title='bbox 1106 1606 1166 1639; x_wconf 89' lang='lat' dir='ltr'>lib.</span> <span class='ocrx_word' id='word_1_130' title='bbox 1187 1615 1210 1639; x_wconf 93' lang='lat'>1.</span> 
     </span>
     <span class='ocr_line' id='line_1_22' title="bbox 385 1658 1213 1695; baseline 0.005 -4"><span class='ocrx_word' id='word_1_131' title='bbox 385 1658 575 1692; x_wconf 87' lang='lat' dir='ltr'>Anatomia</span> <span class='ocrx_word' id='word_1_132' title='bbox 594 1660 793 1693; x_wconf 85' lang='lat' dir='ltr'>Humoruin</span> <span class='ocrx_word' id='word_1_133' title='bbox 1109 1662 1168 1695; x_wconf 90' lang='lat' dir='ltr'>lib.</span> <span class='ocrx_word' id='word_1_134' title='bbox 1189 1671 1213 1694; x_wconf 92' lang='grc' dir='ltr'>Ι.</span> 
     </span>
    </p>
   </div>
   <div class='ocr_carea' id='block_1_8' title="bbox 288 1714 1333 1863">
    <p class='ocr_par' dir='ltr' id='par_1_8' title="bbox 288 1714 1333 1863">
     <span class='ocr_line' id='line_1_23' title="bbox 288 1714 1333 1757; baseline 0.006 -12"><span class='ocrx_word' id='word_1_135' title='bbox 288 1714 386 1747; x_wconf 83' lang='lat' dir='ltr'>Obiit</span> <span class='ocrx_word' id='word_1_136' title='bbox 404 1714 676 1757; x_wconf 85' lang='lat' dir='ltr'>Carpentoracti,</span> <span class='ocrx_word' id='word_1_137' title='bbox 695 1716 730 1749; x_wconf 89' lang='lat' dir='ltr'>in</span> <span class='ocrx_word' id='word_1_138' title='bbox 749 1716 872 1750; x_wconf 88' lang='lat' dir='ltr'>itinere</span> <span class='ocrx_word' id='word_1_139' title='bbox 889 1716 1034 1756; x_wconf 85' lang='lat' dir='ltr'>Scotico,</span> <span class='ocrx_word' id='word_1_140' title='bbox 1052 1728 1142 1751; x_wconf 86' lang='lat' dir='ltr'>anno</span> <span class='ocrx_word' id='word_1_141' title='bbox 1162 1727 1333 1751; x_wconf 78' lang='lat' dir='ltr'>MDCX1v·.</span> 
     </span>
     <span class='ocr_line' id='line_1_24' title="bbox 590 1827 1252 1863; baseline 0.005 -3"><span class='ocrx_word' id='word_1_142' title='bbox 590 1827 857 1862; x_wconf 90' lang='lat' dir='ltr'>ROBERTUS</span> <span class='ocrx_word' id='word_1_143' title='bbox 882 1828 1119 1862; x_wconf 88' lang='lat' dir='ltr'>GRAIMUS.</span> <span class='ocrx_word' id='word_1_144' title='bbox 1172 1829 1252 1863; x_wconf 74' lang='lat'>615.</span> 
     </span>
    </p>
   </div>
   <div class='ocr_carea' id='block_1_9' title="bbox 238 1939 1594 2318">
    <p class='ocr_par' dir='ltr' id='par_1_9' title="bbox 238 1939 1594 2318">
     <span class='ocr_line' id='line_1_25' title="bbox 242 1939 1594 1980; baseline 0.004 -9"><span class='ocrx_word' id='word_1_145' title='bbox 242 1940 404 1972; x_wconf 78' lang='lat' dir='ltr'>ROBERT</span> <span class='ocrx_word' id='word_1_146' title='bbox 412 1948 453 1972; x_wconf 86' lang='lat' dir='ltr'>Us</span> <span class='ocrx_word' id='word_1_147' title='bbox 473 1939 648 1979; x_wconf 84' lang='lat' dir='ltr'>Graimus,</span> <span class='ocrx_word' id='word_1_148' title='bbox 669 1941 857 1974; x_wconf 88' lang='lat' dir='ltr'>monachus</span> <span class='ocrx_word' id='word_1_149' title='bbox 876 1941 910 1974; x_wconf 89' lang='lat' dir='ltr'>S.</span> <span class='ocrx_word' id='word_1_150' title='bbox 926 1941 1117 1980; x_wconf 87' lang='lat' dir='ltr'>Benedicti,</span> <span class='ocrx_word' id='word_1_151' title='bbox 1135 1941 1292 1976; x_wconf 86' lang='lat' dir='ltr'>habitum</span> <span class='ocrx_word' id='word_1_152' title='bbox 1308 1944 1343 1975; x_wconf 88' lang='lat' dir='ltr'>in</span> <span class='ocrx_word' id='word_1_153' title='bbox 1363 1943 1594 1977; x_wconf 77' lang='lat' dir='ltr'>Mailrosiensi</span> 
     </span>
     <span class='ocr_line' id='line_1_26' title="bbox 240 1996 1594 2041; baseline 0.003 -13"><span class='ocrx_word' id='word_1_154' title='bbox 240 1997 402 2029; x_wconf 82' lang='lat' dir='ltr'>coenobio</span> <span class='ocrx_word' id='word_1_155' title='bbox 419 1996 542 2034; x_wconf 88' lang='lat' dir='ltr'>induit,</span> <span class='ocrx_word' id='word_1_156' title='bbox 570 1997 629 2028; x_wconf 89' lang='lat' dir='ltr'>sed</span> <span class='ocrx_word' id='word_1_157' title='bbox 652 1997 836 2040; x_wconf 86' lang='lat' dir='ltr'>tyrannide</span> <span class='ocrx_word' id='word_1_158' title='bbox 860 1996 1017 2029; x_wconf 87' lang='lat' dir='ltr'>Eduardi</span> <span class='ocrx_word' id='word_1_159' title='bbox 1041 1996 1240 2041; x_wconf 86' lang='lat' dir='ltr'>Anglicani,</span> <span class='ocrx_word' id='word_1_160' title='bbox 1265 1999 1415 2032; x_wconf 85' lang='lat' dir='ltr'>Scotiam</span> <span class='ocrx_word' id='word_1_161' title='bbox 1435 2004 1508 2031; x_wconf 91' lang='lat' dir='ltr'>tum</span> <span class='ocrx_word' id='word_1_162' title='bbox 1527 2000 1594 2032; x_wconf 87' lang='lat' dir='ltr'>dis-</span> 
     </span>
     <span class='ocr_line' id='line_1_27' title="bbox 239 2052 1594 2098; baseline 0.003 -14"><span class='ocrx_word' id='word_1_163' title='bbox 239 2052 326 2084; x_wconf 81' lang='lat' dir='ltr'>sidio</span> <span class='ocrx_word' id='word_1_164' title='bbox 352 2062 473 2096; x_wconf 88' lang='lat' dir='ltr'>regum</span> <span class='ocrx_word' id='word_1_165' title='bbox 499 2052 691 2094; x_wconf 84' lang='lat' dir='ltr'>expositam</span> <span class='ocrx_word' id='word_1_166' title='bbox 717 2053 747 2085; x_wconf 87' lang='lat' dir='ltr'>ei</span> <span class='ocrx_word' id='word_1_167' title='bbox 773 2053 934 2095; x_wconf 83' lang='lat' dir='ltr'>praedam</span> <span class='ocrx_word' id='word_1_168' title='bbox 960 2053 1153 2091; x_wconf 84' lang='lat' dir='ltr'>lacerantis,</span> <span class='ocrx_word' id='word_1_169' title='bbox 1179 2055 1318 2087; x_wconf 83' lang='lat' dir='ltr'>exulare</span> <span class='ocrx_word' id='word_1_170' title='bbox 1339 2055 1470 2098; x_wconf 55' lang='lat' dir='ltr'>jussu&amp;</span> <span class='ocrx_word' id='word_1_171' title='bbox 1497 2060 1536 2088; x_wconf 89' lang='lat' dir='ltr'>ut</span> <span class='ocrx_word' id='word_1_172' title='bbox 1554 2056 1594 2088; x_wconf 87' lang='lat' dir='ltr'>de</span> 
     </span>
     <span class='ocr_line' id='line_1_28' title="bbox 238 2107 1592 2155; baseline 0.003 -16"><span class='ocrx_word' id='word_1_173' title='bbox 238 2108 411 2150; x_wconf 89' lang='lat' dir='ltr'>plerisque</span> <span class='ocrx_word' id='word_1_174' title='bbox 428 2107 504 2140; x_wconf 87' lang='lat' dir='ltr'>aliis</span> <span class='ocrx_word' id='word_1_175' title='bbox 522 2107 587 2139; x_wconf 86' lang='lat' dir='ltr'>hoc</span> <span class='ocrx_word' id='word_1_176' title='bbox 604 2118 706 2150; x_wconf 90' lang='lat' dir='ltr'>opere</span> <span class='ocrx_word' id='word_1_177' title='bbox 723 2108 886 2146; x_wconf 82' lang='lat' dir='ltr'>diximus,</span> <span class='ocrx_word' id='word_1_178' title='bbox 911 2109 947 2141; x_wconf 90' lang='lat' dir='ltr'>in</span> <span class='ocrx_word' id='word_1_179' title='bbox 971 2108 1216 2142; x_wconf 87' lang='lat' dir='ltr'>Bardeneiensi</span> <span class='ocrx_word' id='word_1_180' title='bbox 1241 2110 1451 2143; x_wconf 81' lang='lat' dir='ltr'>monasterio</span> <span class='ocrx_word' id='word_1_181' title='bbox 1469 2110 1592 2155; x_wconf 86' lang='lat' dir='ltr'>Angli-</span> 
     </span>
     <span class='ocr_line' id='line_1_29' title="bbox 239 2163 1067 2207; baseline 0.001 -11"><span class='ocrx_word' id='word_1_182' title='bbox 239 2174 323 2196; x_wconf 83' lang='lat' dir='ltr'>cano</span> <span class='ocrx_word' id='word_1_183' title='bbox 343 2163 404 2196; x_wconf 90' lang='lat' dir='ltr'>diu</span> <span class='ocrx_word' id='word_1_184' title='bbox 422 2163 523 2202; x_wconf 85' lang='lat' dir='ltr'>vixit,</span> <span class='ocrx_word' id='word_1_185' title='bbox 541 2168 585 2201; x_wconf 85' lang='lat' dir='ltr'>et,</span> <span class='ocrx_word' id='word_1_186' title='bbox 604 2168 642 2196; x_wconf 88' lang='lat' dir='ltr'>ut</span> <span class='ocrx_word' id='word_1_187' title='bbox 659 2168 756 2206; x_wconf 89' lang='lat' dir='ltr'>puto,</span> <span class='ocrx_word' id='word_1_188' title='bbox 774 2163 871 2196; x_wconf 87' lang='lat' dir='ltr'>obiit.</span> <span class='ocrx_word' id='word_1_189' title='bbox 922 2163 1067 2207; x_wconf 88' lang='lat' dir='ltr'>Scripsit</span> 
     </span>
     <span class='ocr_line' id='line_1_30' title="bbox 382 2217 1593 2265; baseline 0.002 -13"><span class='ocrx_word' id='word_1_190' title='bbox 382 2218 494 2262; x_wconf 87' lang='lat' dir='ltr'>Super</span> <span class='ocrx_word' id='word_1_191' title='bbox 510 2217 645 2252; x_wconf 88' lang='lat' dir='ltr'>Scotiae</span> <span class='ocrx_word' id='word_1_192' title='bbox 662 2218 764 2252; x_wconf 87' lang='lat' dir='ltr'>Statu</span> <span class='ocrx_word' id='word_1_193' title='bbox 829 2219 887 2252; x_wconf 88' lang='lat' dir='ltr'>lib.</span> <span class='ocrx_word' id='word_1_194' title='bbox 909 2228 932 2252; x_wconf 93' lang='lat'>1.</span> <span class='ocrx_word' id='word_1_195' title='bbox 952 2231 1064 2253; x_wconf 82' lang='lat' dir='ltr'>versu.</span> <span class='ocrx_word' id='word_1_196' title='bbox 1086 2224 1105 2238; x_wconf 87' lang='lat'><strong>“</strong></span> <span class='ocrx_word' id='word_1_197' title='bbox 1120 2220 1296 2255; x_wconf 88' lang='lat' dir='ltr'>Deflemus</span> <span class='ocrx_word' id='word_1_198' title='bbox 1316 2223 1494 2265; x_wconf 78' lang='lat' dir='ltr'>patriam.&#39;⁷</span> <span class='ocrx_word' id='word_1_199' title='bbox 1514 2222 1593 2255; x_wconf 81' lang='lat' dir='ltr'>Sco-</span> 
     </span>
     <span class='ocr_line' id='line_1_31' title="bbox 428 2274 937 2318; baseline 0.002 -10"><span class='ocrx_word' id='word_1_200' title='bbox 428 2274 606 2308; x_wconf 87' lang='lat' dir='ltr'>tichronic.</span> <span class='ocrx_word' id='word_1_201' title='bbox 626 2274 685 2308; x_wconf 91' lang='lat' dir='ltr'>lib.</span> <span class='ocrx_word' id='word_1_202' title='bbox 706 2282 772 2308; x_wconf 83' lang='lat' dir='ltr'>xv.</span> <span class='ocrx_word' id='word_1_203' title='bbox 792 2285 865 2318; x_wconf 82' lang='lat' dir='ltr'>cap.</span> <span class='ocrx_word' id='word_1_204' title='bbox 885 2284 937 2309; x_wconf 86' lang='lat' dir='ltr'>LI.</span> 
     </span>
    </p>
   </div>
  </div>
 </body>
</html>
