1861 2682
228 252 268 281 46
601 249 826 282 HISTORIA
849 248 1211 282 ECCLESIASTICA

372 342 539 376 Lecturas
557 343 594 375 in
610 341 807 385 Evangelia
1141 340 1201 373 lib.
1221 348 1246 373 1.

373 397 417 431 In
434 409 552 431 omnes
570 397 671 430 Pauli
690 396 867 439 Epistolas
1140 395 1199 428 lib.
1219 403 1293 427 XII.

278 453 507 498 Theologicae
518 453 662 485 Parisiis
676 452 736 484 diu
747 452 882 484 scholae
895 449 1057 494 praefuit,
1070 449 1131 483 ubi
1145 454 1165 468 “
1179 450 1216 482 in
1229 449 1323 483 omni
1336 449 1480 484 scientia
1490 450 1578 484 divi-

229 519 273 542 na
291 513 325 542 et
341 509 493 541 humana
511 509 622 541 clarus
639 507 786 552 fulgens,
804 506 1020 539 Universalis
1033 505 1164 538 Doctor
1177 505 1305 538 meruit
1318 506 1513 549 appellari,''
1528 506 1575 539 ait

229 563 252 595 J
254 575 381 597 oannes
400 563 615 596 Trithemius
633 563 691 596 lib.
710 563 751 595 de
770 561 1002 605 Scriptoribus
1019 560 1220 594 Ecclesiast.
1238 571 1317 606 pag.
1336 569 1446 594 οσον.

277 619 490 652 Germanum
515 619 648 652 faciunt
673 618 848 656 Germani,
874 617 969 649 nullo
995 626 1077 648 sane
1102 620 1319 660 argumento,
1349 616 1440 649 Galli
1469 616 1579 649 civem

228 686 340 714 suum,
359 685 466 718 aeque
483 674 765 717 improbabiliter,
784 683 862 705 cum
879 675 1012 704 constet
1029 682 1108 704 eum
1125 672 1168 704 ad
1186 671 1231 705 D.
1249 671 1272 704 J
1274 672 1369 706 acobi
1387 676 1486 705 extra
1502 682 1577 704 mu-

228 742 284 764 ros
312 730 510 773 Herbipolis
540 728 768 761 monasticum
797 727 953 760 ordinem
982 726 1187 770 professum,
1215 727 1331 771 ibique
1358 727 1449 761 diem
1476 737 1577 761 suum

229 786 345 825 obiise,
363 796 453 818 anno
473 793 589 818 Mcec.
608 794 686 816 cum
705 782 892 826 epitaphio,

521 845 614 873 Scotia
626 854 709 882 quem
722 844 831 882 genuit,
848 844 1002 873 Germania
1015 843 1111 873 condit
1125 845 1259 873 Alanum.

637 947 864 982 JOANNES
889 946 1064 982 ALTUS.
1116 949 1173 984 72.

229 1062 251 1095 J
255 1069 414 1096 OANNES
431 1060 538 1095 Altus
556 1059 818 1104 Roxburgensis
844 1059 967 1092 celebri
984 1065 1125 1102 patrum
1147 1059 1314 1092 memoria
1336 1057 1486 1097 vivebat,
1504 1057 1581 1091 rhe-

227 1123 283 1152 tor
300 1129 338 1151 ac
359 1123 460 1161 poeta
481 1116 638 1150 eximius.
690 1115 787 1148 Inter
812 1115 904 1148 hunc
929 1118 964 1147 et
988 1113 1196 1147 Elisdanum
1218 1114 1456 1159 paedagogum
1483 1113 1578 1147 Mor-

227 1174 335 1217 pheti,
353 1174 449 1212 vicus
467 1177 520 1206 est
535 1173 572 1205 in
589 1170 720 1216 Anglia
738 1179 852 1204 XXIV.
870 1169 1032 1214 milliario
1055 1180 1076 1202 a
1099 1168 1232 1203 Scotiae
1257 1169 1394 1209 finibus,
1420 1169 1578 1202 simultas

227 1240 266 1262 ac
291 1230 332 1261 de
356 1240 393 1262 re
418 1228 572 1261 literaria
596 1227 799 1270 disceptatio
824 1224 1077 1263 intercedebat3
1104 1235 1252 1268 cumque
1281 1223 1469 1257 Elisdanus
1500 1234 1580 1256 eum

227 1290 434 1329 gentemque
462 1284 661 1316 universam
691 1282 871 1315 Scotorum
900 1279 1083 1313 virulentis
1113 1279 1251 1322 scriptis
1277 1279 1495 1318 exercuisset,
1523 1279 1580 1311 ille

228 1340 308 1373 solis
334 1340 494 1373 convitiis
520 1338 663 1371 inferior
688 1349 724 1370 se
749 1336 912 1369 acerrime
936 1334 980 1367 ab
1004 1334 1135 1378 injuria
1159 1334 1362 1373 vindicavit,
1387 1344 1580 1376 nomenque

229 1405 331 1428 suum
348 1395 484 1437 scriptis
502 1393 659 1431 asseruit,
676 1393 726 1425 ait
743 1391 902 1430 Balaeus,
920 1389 1133 1433 victoriaque
1151 1390 1367 1423 eruditorum
1380 1388 1513 1433 judicio
1530 1393 1580 1421 est

228 1451 370 1494 potitus.
421 1448 556 1491 Scripta
573 1452 680 1481 sunt:

371 1504 544 1549 Apologia
561 1507 686 1548 arguta
938 1527 942 1530 .
1139 1500 1200 1532 lib.
1219 1508 1243 1532 1.

371 1559 502 1593 Contra
519 1558 761 1592 Antiscoticon
1141 1555 1199 1588 lib.
1220 1563 1245 1588 1.

374 1614 642 1659 Epigrammata
1140 1609 1199 1643 lib.
1220 1618 1243 1642 1.

278 1666 439 1705 Florebat
456 1680 546 1703 anno
564 1669 686 1702 salutis
707 1676 865 1701 Mcxxx.

686 1776 1013 1811 ALEXANDER.
1066 1780 1122 1813 73.

229 1893 493 1926 ALEXANDER
523 1890 769 1924 Benedictinus
798 1888 986 1922 monachus
1011 1887 1287 1932 congregationis
1315 1886 1577 1927 Benchorensis,

229 1950 283 1981 vel
309 1947 553 1985 Cluniacensis,
579 1950 620 1978 ut
644 1945 851 1989 quibusdam
876 1945 1000 1982 visum,
1026 1944 1091 1981 vel,
1117 1946 1158 1975 ut
1182 1942 1298 1976 verius
1316 1942 1386 1981 alii,
1412 1941 1576 1982 scoticae,

230 2003 355 2036 Deirae
379 2002 565 2045 professus,
588 2001 703 2043 patria
719 2003 859 2032 exactus
882 1998 1055 2031 saeviente
1072 1997 1240 2030 bellorum
1258 1997 1414 2030 civilium
1433 2002 1580 2041 tempes-

230 2062 312 2096 tate,
335 2058 372 2090 in
394 2057 540 2090 Essebio
563 2055 712 2099 Angliae
736 2053 943 2086 monasterio
966 2053 1026 2086 diu
1049 2052 1149 2091 vixit,
1175 2052 1267 2085 unde
1288 2052 1339 2085 illi
1362 2051 1578 2086 Essebiensis

232 2116 505 2158 cognomentum.
542 2115 564 2130 ‘⁶
577 2109 738 2143 Carmine
751 2110 928 2148 excellens,
944 2113 977 2141 et
991 2106 1125 2151 prosa,'’
1138 2107 1188 2141 ait
1200 2106 1318 2140 Uvion
1331 2108 1368 2140 in
1382 2107 1460 2152 Lig.
1475 2107 1578 2142 Vitae

233 2168 416 2213 adjunctis.
435 2165 651 2199 Banfiensem
666 2175 701 2197 se
718 2163 900 2207 profitetur
916 2164 974 2197 lib.
994 2172 1035 2196 11.
1050 2162 1231 2206 Epitomes
1250 2162 1426 2196 Historiae
1440 2163 1578 2196 Britan-

232 2225 328 2258 nicae
345 2223 382 2256 in
399 2222 527 2255 limine.
577 2219 613 2253 N
614 2230 651 2253 ec
667 2220 770 2258 illius,
788 2224 924 2263 praeter
940 2219 1118 2257 Ba1aeum,
1141 2218 1234 2262 quod
1257 2219 1372 2257 sciam,
1395 2218 1577 2262 quisquam

234 2278 400 2317 meminit,
418 2277 477 2322 qui
495 2281 529 2310 et
545 2277 620 2319 ipse
634 2275 810 2309 mendacio
828 2279 964 2309 assueto
980 2274 1135 2320 Anglum
1153 2273 1247 2307 facit.
