1861 2682
248 245 310 273 <200
624 245 849 276 HISTORIA
874 245 1238 276 ECCLESIASTICA

248 338 290 369 de
307 336 433 380 quibus
456 336 506 368 nil
529 337 623 369 aliud
645 337 789 378 reperio,
811 336 878 368 nisi
896 336 989 378 quod
1006 346 1124 367 omnes
1142 335 1291 368 ecclesiis
1308 335 1468 379 regendis
1485 340 1603 377 postea

248 403 326 425 cum
338 393 476 435 pietatis
491 392 673 434 praeconio
691 392 760 424 sint
777 391 952 434 praefecti.
1003 390 1195 422 Duodecim
1213 390 1423 423 monasteria
1441 391 1603 428 condidit,

249 447 447 490 Scripturae
473 458 588 480 sacrae
614 447 763 479 codicem
793 457 927 489 semper
955 456 1069 478 secum
1100 445 1193 483 tulit,
1221 445 1426 489 pelagianae
1455 446 1604 478 haeresis

246 504 409 546 reliquias
435 503 547 536 adhuc
573 507 746 545 serpentes
775 502 914 545 penitus
940 501 1100 534 extinxit.
1152 500 1249 534 Inter
1276 506 1426 534 caeteros
1455 512 1537 534 vero
1563 512 1604 534 ex

247 558 380 591 Scotica
413 564 516 603 gente
550 559 754 601 apostolicos
790 558 883 590 viros
914 558 950 589 in
979 556 1111 601 Anglia
1140 557 1255 589 sedem
1286 557 1509 600 proferendae
1536 558 1603 604 yir·

247 615 331 647 tutis
366 615 479 658 elegit,
514 620 547 647 et
581 615 695 646 sedem
727 613 1040 656 archiepiscopatus
1070 612 1114 645 ab
1142 612 1228 645 urbe
1257 612 1452 657 Legionum
1484 613 1603 646 Mene-

245 671 337 702 viam
365 670 555 707 transtulit,
587 669 747 701 Arthuro
777 679 857 712 rege
892 669 1039 706 volente,
1074 668 1373 712 inauguratusque
1407 675 1458 702 est
1492 669 1603 702 archi-

245 726 434 768 episcopus,
462 724 603 757 Giraldo
629 729 779 757 auctore.
811 723 968 768 Anglum
999 723 1187 756 Lelandius
1213 723 1324 756 facere
1350 728 1402 757 est
1426 736 1542 763 ausus,
1569 730 1603 757 et

244 792 322 814 eum
361 785 498 813 secutus
541 784 699 822 apostata
741 780 900 817 Balaeus‚
943 784 1249 822 ramentorumque
1291 780 1365 823 ejus
1407 780 1601 813 ineruditus

243 838 401 869 collector
418 835 440 867 J
443 847 569 868 oannes
589 835 759 874 Pitsaeus,
778 836 837 868 sed
854 835 962 875 falso;
992 836 1180 868 reclamant
1198 835 1301 874 enim,
1319 840 1354 868 et
1371 836 1482 868 civem
1500 846 1602 868 suurn

243 892 419 925 vindicant
447 892 586 924 annales
617 892 739 929 nostri,
768 897 801 925 et
832 892 905 924 vita
932 891 1007 935 ejus
1037 891 1168 923 incerto
1202 895 1340 923 auctore
1368 891 1460 933 apud
1488 890 1602 924 Hove-

241 949 317 980 den.
349 948 407 980 sed
436 949 547 980 multo
577 948 688 991 magis
719 945 894 980 Hem-icus
925 947 1101 980 Sinclarus
1133 957 1174 979 ex
1210 946 1380 979 Gaufrido
1414 946 1601 979 Meneven-

241 1005 270 1036 si
291 1005 325 1036 id
343 1005 457 1047 ipsum
476 1004 600 1046 probat
618 1004 676 1036 lib.
698 1013 738 1036 11.
766 1003 861 1036 Hist.
890 1008 910 1022 ‘⁶
928 1003 1081 1036 Amabat
1104 1002 1223 1035 Scotos
1247 1013 1338 1042 suos,
1362 1003 1421 1035 sed
1444 1014 1523 1035 raro
1545 1014 1601 1035 eos

240 1059 421 1092 Britannis
441 1060 637 1102 praetulit.'’
688 1059 778 1103 Ejus
797 1064 879 1092 sunt
895 1069 902 1092 :

383 1116 440 1148 Ad
458 1116 657 1148 Arthurum
676 1115 807 1159 Regem
825 1115 1005 1158 Epistolae
1163 1114 1223 1147 lib.
1243 1123 1267 1146 1.
1287 1114 1371 1148 Fuit
1389 1115 1445 1147 hic
1463 1119 1601 1157 porten-

431 1176 525 1204 tosae
552 1180 602 1204 IV.
631 1171 826 1204 cubitorum
853 1177 1016 1211 staturae,
1043 1176 1087 1209 et,
1113 1176 1153 1204 ut
1179 1171 1266 1203 falso
1284 1172 1417 1208 volunt,
1443 1171 1598 1215 ejusdem

432 1227 581 1260 Arthuri
602 1238 718 1270 nepos.

383 1283 618 1316 Homiliarum
636 1283 672 1315 in
690 1282 884 1327 Evangelia
1206 1282 1264 1315 lib.
1286 1291 1309 1314 1.

383 1340 515 1372 Contra
532 1338 738 1382 Pelagianos
1206 1337 1264 1370 lib.
1286 1346 1309 1370 1.

382 1395 529 1427 Decreta
548 1394 678 1437 Synodi
698 1394 939 1427 Wictoriensis
1205 1394 1263 1426 lib.
1285 1403 1308 1426 1.

380 1451 433 1483 De
453 1451 588 1494 Regula
606 1450 874 1482 Coenobitarum
1206 1449 1264 1482 lib.
1286 1458 1310 1480 Ι.

285 1505 385 1538 Vixit
403 1516 510 1538 annos
529 1513 664 1537 CXLVI.
687 1506 825 1547 praesul
849 1510 901 1537 est
918 1509 1134 1538 consecratus
1159 1516 1249 1537 anno
1269 1512 1401 1536 DXXII.
1427 1505 1515 1538 sedit
1538 1516 1597 1538 an-

239 1563 291 1593 nis
320 1570 412 1593 LXV.
440 1567 480 1594 ut
505 1571 640 1593 necesse
667 1561 711 1593 sit
738 1560 862 1593 obiisse
888 1561 985 1593 illum
1012 1572 1103 1594 anno
1129 1569 1347 1593 DLXXXVII.
1378 1571 1456 1592 cum
1481 1566 1596 1595 tamen

238 1617 295 1649 alii
314 1622 460 1649 mortem
479 1616 553 1659 ejus
571 1616 731 1659 rejiciant
748 1616 784 1647 in
803 1627 931 1648 annum
952 1625 1029 1648 DCI.
1048 1617 1150 1660 quod,
1169 1622 1210 1649 ut
1228 1627 1349 1649 verum
1364 1616 1420 1654 sit,
1439 1617 1540 1661 longe
1554 1618 1596 1650 ab

238 1673 388 1705 Arthuri
413 1682 497 1704 aevo
521 1672 641 1704 aberit.
693 1671 790 1703 Inter
813 1671 872 1704 SS.
899 1673 1027 1704 relatus
1051 1677 1103 1705 est
1129 1672 1265 1705 Calixto
1286 1671 1332 1704 II.
1353 1680 1388 1704 D.
1410 1677 1488 1715 post
1506 1683 1596 1705 mor-

239 1734 306 1760 tem
326 1728 436 1760 annis.
488 1727 643 1771 Injurius
662 1732 711 1759 est
732 1728 761 1759 ei
779 1728 928 1769 perfidus
948 1734 981 1761 et
999 1729 1156 1771 impurus
1175 1728 1197 1760 J
1200 1739 1326 1761 oannes
1346 1727 1475 1767 Foxus,
1494 1729 1592 1772 cujus

238 1795 279 1816 ne
298 1784 440 1826 spiritus
460 1784 598 1826 quidem
618 1793 736 1825 purus.
781 1783 916 1816 Colitur
936 1793 959 1816 1.
980 1784 1111 1817 Martii.
1157 1785 1287 1816 Molan.

681 1895 715 1927 S.
743 1894 1022 1928 DEVINICUS.
1074 1895 1154 1928 364.

238 2007 271 2039 S.
303 2007 539 2044 DEVINICUS‚
575 2012 594 2025 ‘⁵
622 2006 768 2049 insignis
803 2006 996 2045 sanctitate,
1027 2007 1186 2050 vitaeque
1216 2008 1445 2046 innocentia,”
1480 2009 1593 2051 inquit

239 2063 286 2095 H.
311 2063 434 2095 Boeth.
459 2063 517 2094 lib.
545 2071 599 2094 lx.
626 2061 719 2093 Hist.
745 2061 867 2093 Scotic.
895 2062 931 2093 in
958 2062 1033 2094 fine.
1073 2062 1347 2096 Archidiaconus
1374 2063 1451 2102 fuit,
1482 2068 1522 2096 ut
1551 2075 1594 2096 ex

238 2118 417 2151 annalibus
445 2117 657 2150 nostratibus
688 2121 845 2154 constat3
878 2123 957 2150 sunt
990 2125 1104 2150 tamen
1133 2120 1193 2161 qui
1220 2120 1426 2152 monachum
1453 2124 1591 2152 tantum

238 2174 376 2212 faciant,
411 2178 444 2206 et
480 2173 623 2206 Parisiis
651 2173 858 2216 theologiam
890 2173 1104 2215 professum:
1140 2176 1198 2207 sed
1229 2186 1348 2208 revera
1379 2180 1412 2207 et
1444 2176 1593 2218 suscepit

237 2231 483 2272 episcopatum,
515 2234 548 2261 et
583 2234 780 2271 susceptum
815 2230 1028 2261 sanctissime
1058 2230 1340 2269 administravit3
1377 2243 1445 2274 qua
1475 2236 1589 2263 tamen

239 2286 333 2324 urbe,
352 2286 388 2318 in
411 2286 524 2328 patria
549 2296 593 2317 an
619 2285 711 2322 alibi,
740 2285 831 2317 haud
856 2285 954 2317 facile
980 2286 1221 2324 divinaverim,
1249 2291 1333 2329 puto
1357 2292 1472 2319 tamen
1499 2288 1589 2329 apud
