1861 2682
228 429 457 468 Placentiae
482 441 527 466 ac
556 427 723 466 Parmae
754 427 922 474 Ducem,
953 427 1024 479 qui
1058 440 1180 479 penes
1211 433 1252 466 te
1286 426 1420 465 omnia
1452 429 1565 479 quasi

226 506 296 530 sua
331 490 532 543 reposuit;
572 504 704 542 neque
736 490 879 541 quanti
918 489 1041 527 fueris
1076 490 1185 541 apud
1218 503 1410 541 magnum
1450 489 1565 527 illum

224 553 490 605 Alphonsum‚
525 553 730 604 quondam
766 551 1082 591 Ferrariensium
1117 552 1284 597 Ducem,
1324 551 1433 603 apud
1470 551 1567 590 Cae—

223 628 362 661 sarem,
401 621 657 666 caeterosque
697 614 806 653 illius
845 614 1017 652 invictae
1052 614 1196 652 domus
1230 614 1412 652 Estensis
1452 613 1567 651 Prin-

221 677 338 729 cipes,
376 677 475 716 adeo
514 683 561 715 ut
595 677 668 715 tibi
704 677 774 715 uni
809 689 965 715 summa
997 676 1181 714 omnium
1215 689 1350 714 rerum
1385 676 1566 714 commit-

221 744 376 777 teretur
414 740 463 777 ab
501 739 587 791 ipso
621 739 735 777 Duce
774 738 1013 783 Mutinensi,
1052 751 1074 776 a
1112 751 1194 789 quo
1232 738 1390 789 quoties
1421 738 1564 775 missus

220 800 271 838 ad
309 801 344 839 S.
380 801 629 846 Pontificem,
663 801 714 839 ad
749 801 1049 852 Imperatorem,
1083 800 1134 838 ad
1167 800 1301 839 Duces
1335 800 1564 844 Sabaudiae,

219 861 426 909 Mantuae,
466 863 643 909 Parmae,
686 863 843 909 Urbini,
887 862 1066 913 aliosque
1111 875 1287 900 summos
1327 862 1445 900 Viros
1490 862 1566 900 Le-

217 930 345 975 gatus,
379 938 591 977 nunquam
631 938 699 976 spe
738 931 809 962 tua
846 924 1063 962 frustratus
1094 924 1234 962 iveris:
1273 925 1563 976 praetermitto,

219 999 269 1024 ne
304 993 416 1025 tuam
451 987 491 1025 in
526 987 602 1026 hoc
635 1000 803 1025 munere
837 986 1100 1038 diligentiam,
1134 986 1268 1031 fidem,
1304 1000 1349 1024 ac
1377 987 1562 1038 peritiam

218 1047 372 1087 elevare
404 1049 530 1100 inagis
564 1049 736 1087 dicendo
765 1063 887 1100 quam
918 1062 1113 1087 exornare
1142 1049 1279 1087 videar
1307 1050 1562 1087 recensendo.

218 1109 349 1149 Taceo
379 1117 450 1148 tua
479 1125 553 1162 ope
582 1111 673 1149 lites
703 1111 952 1162 gravissimas
982 1112 1088 1150 inter
1117 1111 1306 1150 Mutinae
1336 1112 1493 1151 Ducem
1521 1120 1561 1152 et

217 1171 337 1209 Pium
364 1173 398 1210 S.
422 1173 470 1210 R.
492 1173 539 1210 E.
566 1172 822 1211 Cardinalem
850 1174 1111 1226 compositas:
1141 1173 1238 1212 sileo
1264 1174 1429 1212 dissidia
1456 1175 1561 1214 inter

214 1232 481 1279 Mutinenses,
502 1233 761 1279 Mantuanos,
782 1241 823 1272 et
843 1235 1154 1281 Guastallenses,
1176 1236 1289 1287 quasi
1306 1238 1391 1288 jam
1408 1236 1560 1288 spiran-

215 1294 280 1339 tia,
301 1295 436 1333 divina
458 1296 644 1347 quadam,
669 1295 732 1334 vel
758 1301 829 1334 tua
854 1297 1130 1335 moderatione
1159 1304 1392 1349 temperata.
1450 1299 1559 1340 Quid

214 1356 344 1395 dicam
360 1363 530 1395 armatas
547 1357 688 1409 copias,
710 1358 751 1395 in
772 1356 878 1396 bello
900 1364 1039 1396 contra
1060 1358 1274 1404 Lucenses,
1296 1361 1414 1398 rebus
1430 1361 1559 1398 omni-

212 1419 287 1457 bus
307 1433 429 1471 quam
460 1418 763 1457 affluentissime
792 1433 815 1457 a
844 1425 885 1457 te
915 1423 1190 1459 sustentatas?
1248 1422 1358 1463 Quid
1387 1422 1557 1460 referam

213 1486 302 1519 tuas
337 1481 443 1520 inter
474 1482 666 1533 abruptos
700 1480 810 1520 illius
845 1482 1019 1533 regionis
1053 1488 1094 1521 et
1123 1484 1360 1535 asperrimos
1389 1490 1557 1529 montes,

211 1557 293 1581 non
323 1543 407 1582 sine
442 1543 627 1581 maximis
655 1542 870 1590 laboribus,
899 1544 1064 1595 vigilias,
1096 1545 1244 1596 quibus
1278 1546 1556 1598 prospiciebas,

211 1605 358 1656 quibus
401 1605 646 1651 consulebas,
690 1619 740 1644 ne
774 1606 874 1657 quid
908 1606 1145 1644 detrimenti
1183 1612 1276 1646 tuae
1315 1608 1555 1659 prudentiae

210 1668 408 1706 commissi
447 1670 718 1720 paterentur?
776 1669 886 1710 Quid
920 1668 1096 1720 denique
1125 1669 1176 1707 de
1210 1683 1371 1708 annona
1404 1669 1555 1722 loquar,

210 1743 331 1781 quam
353 1735 467 1768 tanta
486 1729 692 1768 celeritate
712 1736 908 1782 tantaque
929 1731 1051 1782 copia,
1072 1730 1234 1783 publico
1255 1731 1554 1771 Mutinensium

211 1798 251 1830 et
271 1792 469 1830 sociorum
489 1791 695 1838 beneficio,
716 1792 758 1830 in
784 1792 1031 1831 difficillimis
1059 1799 1100 1831 et
1130 1794 1424 1845 angustissimis
1454 1801 1554 1834 tem-

209 1854 372 1905 poribus
392 1855 626 1906 procurasti,
653 1860 700 1892 ut
719 1855 907 1893 omnibus
927 1855 1064 1893 statim
1092 1856 1204 1907 quasi
1235 1857 1286 1894 ad
1311 1857 1551 1896 miraculum

208 1915 324 1954 fieret
344 1916 448 1954 satis.
506 1916 619 1955 Haec
648 1922 744 1955 sunt
773 1915 908 1968 aliqua
937 1931 986 1955 ex
1016 1918 1239 1956 innumeris
1268 1932 1372 1970 quae
1401 1919 1551 1973 Demp-

207 1983 359 2015 sterum
385 1992 467 2016 non
492 1978 612 2016 modo
638 1978 868 2017 excitarunt
893 1985 940 2017 ut
965 1985 1005 2017 te
1030 1979 1081 2017 ad
1105 1980 1277 2018 Scotiam
1307 1980 1411 2019 hanc
1440 1981 1551 2021 illus-

210 2040 394 2077 trandam
415 2046 642 2086 accerseret,
664 2040 734 2078 sed
755 2040 876 2078 etiam
897 2041 1110 2092 Magnates
1130 2049 1172 2080 et
1192 2042 1399 2095 Principes
1423 2044 1550 2090 Viros,

208 2101 278 2152 qui
295 2107 407 2139 tuam
423 2102 695 2153 prudentiam,
711 2102 845 2148 fidem,
860 2102 1125 2155 diligentiam,
1147 2110 1188 2142 et
1208 2104 1331 2142 animi
1348 2106 1550 2157 magnitu-

207 2163 343 2201 dinem
374 2163 633 2202 vehementer
662 2164 860 2211 demirati,
890 2179 1012 2217 opera
1041 2172 1112 2204 tua
1139 2167 1200 2205 uti
1231 2173 1439 2219 expetunt,
1469 2168 1547 2206 frui

208 2224 324 2263 enixe
356 2225 539 2276 cupiunt.
607 2225 741 2267 Quare
775 2231 815 2264 et
848 2226 946 2265 haec
980 2233 1021 2266 et
1049 2227 1150 2266 aliae
1179 2229 1229 2267 de
1259 2235 1299 2267 te
1328 2228 1549 2281 loquentur

208 2287 424 2332 Historiae,
454 2286 532 2324 alia
551 2287 723 2338 ingenia,
744 2287 845 2326 aliae
866 2289 1049 2340 ingentes
1070 2296 1111 2328 et
1130 2290 1356 2342 praeclarae
1380 2292 1546 2337 animae,

206 2362 305 2400 quas
338 2355 473 2387 tamen
508 2348 618 2387 haud
651 2349 773 2388 dubie
806 2351 1037 2389 aeternitati
1071 2360 1166 2391 tuae
1199 2367 1355 2405 semper
1384 2353 1547 2392 habebis

862 2423 880 2445 6
