1861 2682
331 296 819 349 HISTORIAE
862 295 1607 348 ECCLESIASTICAE

617 392 891 440 GENTIS
930 391 1323 437 SCOTORUM

846 515 1024 553 LIBER
1054 515 1101 553 V.

803 660 837 692 S.
864 658 1015 692 EATA.
1068 661 1150 691 444.

294 775 327 806 S.
347 774 475 812 EATA,
493 774 566 806 sive
589 772 708 811 Eatta‚
733 771 970 804 Mailrosensis
995 771 1110 810 abbas,
1134 771 1235 804 Joan.
1256 772 1428 805 Trithem.
1453 773 1511 805 lib.
1533 781 1590 804 111.
1611 773 1653 804 de

292 830 367 862 Vir.
383 829 577 862 illustribus
591 828 735 861 Ordinis
749 827 783 860 S.
801 827 979 860 Benedicti
998 838 1070 870 cap.
1091 836 1212 860 CXXV.
1231 829 1323 871 quod
1341 839 1443 861 nemo
1461 832 1540 861 ante
1554 829 1652 860 illum

293 886 329 918 in
359 885 545 918 Britannia
575 884 761 927 praestitit,
791 883 877 916 duos
907 883 1010 916 simul
1045 883 1263 926 episcopatus
1293 884 1348 926 pie
1383 884 1652 917 administravit.

293 941 408 975 Verba
436 941 612 974 Francisci
642 939 804 973 Godwini
835 950 1006 982 apponam
1037 950 1079 971 ex
1111 939 1369 973 Commentario
1397 941 1438 973 de
1470 939 1653 982 Episcopis

293 997 442 1042 Angliae
460 1008 539 1041 pag.
560 1005 667 1029 XCIV.
694 1000 713 1014 ‘⁶
732 995 915 1028 Scotorum
938 995 1109 1038 plurimis,
1135 996 1195 1038 qui
1220 1007 1297 1028 cum
1317 996 1508 1029 Colmanno
1525 996 1562 1028 in
1580 995 1654 1028 An-

293 1054 399 1098 gliam
423 1057 601 1091 venerant,
630 1063 708 1084 cum
739 1052 857 1085 eodem
884 1052 919 1083 in
946 1052 1095 1094 patriam
1121 1052 1279 1090 reversis,
1306 1053 1366 1095 qui
1392 1058 1653 1095 permanserant

293 1109 417 1151 reliqui
449 1108 648 1141 Mailrosiae
679 1108 917 1145 consederunt,
948 1107 1106 1140 abbatem
1142 1108 1206 1140 sibi
1237 1113 1486 1151 praeponentes
1515 1107 1653 1145 Eatam,

293 1177 395 1208 quem
422 1166 545 1203 locum,
572 1164 764 1197 Colmanno
789 1168 944 1208 rogante,
971 1163 1135 1195 oswinus
1162 1174 1223 1195 rex
1249 1164 1291 1196 iis
1318 1164 1520 1208 assignavit.
1574 1162 1652 1201 Hic,

294 1221 397 1254 Tuda
421 1220 595 1258 defuncto,
624 1224 695 1252 tam
728 1219 1019 1264 Hagustaldensis
1043 1229 1146 1261 quam
1172 1219 1467 1251 Lindisfarnensis
1489 1219 1654 1252 constitu·

294 1285 351 1310 tus
370 1281 422 1310 est
439 1277 630 1319 episcopus,
650 1280 683 1308 et
705 1280 890 1317 utramque
916 1275 1030 1306 sedem
1054 1285 1116 1316 per
1140 1274 1316 1306 biennium
1341 1275 1453 1313 rexit;
1478 1286 1547 1317 quo
1569 1280 1655 1307 tem-

294 1334 387 1376 poris
417 1333 531 1375 spatio
562 1332 672 1371 finito,
706 1330 1021 1374 Hagustaldensem
1056 1329 1250 1362 Tumberto
1280 1331 1415 1362 cuidam
1451 1331 1653 1374 resignavit.

295 1389 487 1422 Tumberto
505 1399 587 1420 vero
610 1398 671 1430 per
694 1386 865 1430 synodum
891 1385 1090 1418 Twifordae
1114 1391 1370 1429 congregatam,
1395 1397 1500 1429 quam
1519 1386 1562 1419 ob
1580 1397 1656 1419 cau-

295 1457 367 1478 sam
392 1444 517 1482 nescio,
546 1447 779 1481 exauctorato,
813 1442 1026 1474 Cuthbertus
1053 1441 1104 1473 illi
1130 1441 1341 1474 substitutus
1368 1447 1442 1474 est:
1469 1442 1527 1474 sed
1554 1441 1656 1480 Eata,

295 1512 373 1534 cum
391 1500 598 1543 intelligeret
618 1499 810 1531 Cuthberto
835 1498 945 1541 magis
969 1498 1063 1530 cordi
1088 1508 1160 1530 esse
1185 1497 1299 1529 sedem
1324 1497 1655 1536 Lindisfarnensem‚

296 1558 415 1590 relicto
442 1556 492 1587 illi
521 1566 623 1598 quem
660 1554 880 1597 concupierat
908 1554 1119 1596 praesulatu,
1152 1552 1465 1596 Hagustaldensem
1494 1555 1655 1597 suscepit.

296 1613 401 1645 Anno
426 1612 510 1644 haec
538 1619 767 1643 DCLXXXIV.
796 1614 893 1653 gesta
924 1614 1015 1647 sunt,
1044 1620 1202 1652 annoque
1232 1609 1355 1641 deinde
1381 1610 1538 1652 sequenti
1565 1609 1656 1643 Eata

297 1669 434 1701 videtur
452 1668 559 1700 vitam
579 1677 656 1698 cum
676 1671 786 1698 morte
804 1666 1064 1698 commutasse.”
1115 1664 1285 1697 Successit
1302 1665 1352 1697 illi
1371 1664 1405 1697 S.
1420 1665 1443 1697 J
1445 1677 1572 1698 oannes
1591 1666 1657 1698 Be-

300 1724 515 1762 vei-lacensis,
535 1723 595 1766 qui
614 1727 693 1765 post
712 1721 1026 1766 Hagustaldensem
1052 1721 1177 1758 sedem,
1202 1720 1455 1754 Eboracensem
1478 1722 1590 1760 rexit3
1618 1727 1657 1754 ut

298 1792 339 1813 ex
359 1780 454 1812 Beda
472 1779 530 1811 lib.
552 1787 586 1810 V.
608 1778 795 1810 Historiar.
815 1777 962 1821 Anglor.
982 1788 1055 1820 cap.
1076 1786 1117 1809 11.
1136 1777 1259 1809 recitat
1277 1776 1400 1809 Surius
1419 1782 1514 1810 tomo
1529 1786 1587 1810 ΙΙΙ.
1603 1778 1658 1810 die

300 1845 368 1868 ΠΙ.
389 1836 486 1868 Maii.

346 1891 404 1924 Ab
431 1890 614 1923 Alchfrido
644 1901 724 1934 rege
753 1891 865 1922 locum
895 1889 1095 1931 impetravit
1120 1888 1295 1921 condendo
1319 1890 1540 1928 monasterio,
1567 1891 1659 1933 quod

303 1947 518 1980 Mailrosiam
537 1947 666 1989 posteri
686 1949 875 1983 vocarunt-3
895 1955 964 1987 quo
981 1946 1116 1977 nullum
1135 1948 1345 1983 sanctorum,
1369 1956 1455 1988 quos
1475 1946 1572 1985 aluit,
1596 1957 1661 1979 nu-

301 2014 394 2035 mero
412 2002 594 2040 illustrius,
615 2012 684 2034 non
704 2001 739 2032 in
758 2000 915 2044 angustis
933 2001 1035 2033 modo
1053 2000 1258 2033 Britanniae
1276 2001 1454 2039 tractibus,
1473 2002 1532 2034 sed
1557 2013 1599 2035 ne
1623 2003 1660 2034 in

301 2058 463 2091 universa
481 2057 619 2100 quidem
639 2056 791 2099 Europa.
843 2055 927 2088 Vita
951 2056 985 2088 S.
1005 2055 1189 2089 Cuthberti
1211 2067 1285 2099 cap.
1304 2065 1374 2088 vn.
1399 2058 1491 2100 apud
1517 2058 1659 2091 Surium

303 2119 385 2147 tom.
413 2122 472 2145 111.
499 2113 554 2144 (lie
581 2121 649 2144 xx.
670 2112 803 2144 Martii.
831 2111 919 2144 Vide
946 2113 1044 2155 plene
1068 2113 1104 2144 in
1128 2112 1246 2145 eadem
1269 2113 1343 2145 vita
1366 2124 1439 2156 cap.
1460 2122 1541 2146 XVI.
1563 2123 1659 2146 xxv.

301 2170 391 2214 Ejus
409 2174 459 2202 est

448 2225 583 2268 Regula
601 2224 644 2256 ad
664 2223 851 2257 Monaclios
1220 2225 1278 2257 lib.
1300 2234 1324 2257 1.

450 2280 624 2313 Homiliae
1218 2280 1277 2313 lib.
1300 2289 1322 2312 1.
