1861 2682
632 272 802 304 GENTIS
827 273 1095 312 SCOTORUM,
1121 271 1207 306 LIB.
1233 277 1293 307 111.
1582 283 1641 312 137

284 361 407 400 Gallia,
426 363 548 396 aetatis
566 374 648 396 suae
665 375 756 397 anno
775 374 945 398 Lxxx1V.
964 367 1085 399 salutis
1114 376 1306 401 DCCXXIV.
1358 368 1499 403 Scotum
1522 371 1638 405 inveni

285 417 322 449 in
342 417 499 451 Historia
516 420 629 462 patria
648 419 789 452 Henrici
809 420 953 453 Sinclari
973 421 1187 455 Glascoensis
1205 424 1463 468 archiepiscopi,
1488 427 1547 459 sed
1570 438 1639 460 non

286 472 468 517 suffragor,
487 475 547 517 qui
562 475 597 507 in
608 474 739 519 Anglia
757 481 871 509 ortum
890 477 1068 516 existimo3
1089 483 1204 511 tamen
1222 480 1322 512 silere
1339 481 1431 524 quod
1445 483 1556 525 reperi
1571 494 1639 516 non

285 528 476 570 oportebat.

731 643 765 675 S.
793 643 1045 677 CIBTACUS.
1098 648 1178 678 235.

281 750 315 782 S.
335 749 545 789 CIBTACUS‚
569 753 641 785 sive
665 753 863 793 Cibthacus,
890 766 980 788 unus
1009 767 1051 789 ex
1079 758 1147 790 illis
1176 759 1355 791 duodecim
1384 761 1566 794 comitibus
1591 762 1635 794 D.

281 805 479 845 Columbae,
499 808 558 850 qui
578 809 747 841 indefesso
765 810 879 843 labore
898 813 1065 854 populum
1090 813 1263 846 Scoticum
1289 814 1527 859 Picticumque
1549 818 1636 850 divi-

280 871 363 893 num
382 863 513 894 cultum
531 864 732 903 docuerunt,
751 866 889 908 quique,
908 878 946 899 eo
966 868 1001 899 in
1021 868 1227 902 Hiberniam
1245 871 1443 915 navigante,
1462 873 1577 906 sedem
1599 874 1637 906 in

281 916 366 949 Iona
392 918 505 951 insula
530 919 680 952 fixerunt
704 922 893 953 multorum
919 924 1165 956 monachorum
1194 930 1320 968 patres,
1352 938 1431 959 nam
1459 939 1568 972 usque
1592 931 1635 963 ad

279 983 353 1004 eam
372 977 519 1006 aetatem
538 976 652 1007 nullae
669 976 915 1008 monachorum
934 980 1227 1023 congregationes,
1254 982 1314 1014 sed
1338 993 1466 1021 omnes,
1485 986 1636 1018 eremiti-

278 1038 317 1060 co
335 1029 416 1067 ritu,
440 1029 477 1061 in
495 1031 587 1074 agris
606 1036 667 1064 aut
693 1032 816 1064 vicinis
842 1033 986 1066 urbibus
1013 1035 1173 1078 villisque
1199 1036 1405 1076 habitantes,
1432 1038 1507 1072 Deo
1528 1041 1636 1073 inser-

279 1083 429 1117 viebant.
481 1085 621 1118 Primus
640 1086 682 1118 D.
701 1087 870 1120 Columba
887 1089 1049 1122 coenobia
1067 1091 1232 1130 instituit,
1251 1097 1284 1125 et
1302 1094 1439 1136 piorum
1453 1095 1634 1129 hominum

278 1139 447 1178 sodalitia,
476 1146 515 1173 ut
545 1142 594 1174 ita
618 1143 776 1181 dixerim,
801 1144 843 1175 ad
868 1145 1029 1186 pietatem
1054 1151 1208 1189 spectare
1234 1148 1412 1182 indicavit.
1439 1150 1485 1183 H.
1509 1151 1632 1185 Boeth.

278 1194 335 1226 lib.
353 1204 407 1227 Ix.
422 1194 556 1228 Histor.
576 1197 667 1229 Scot.
687 1206 839 1230 CLXVII.
859 1199 947 1232 Erat
965 1205 1081 1233 autem
1100 1202 1287 1237 Cibthacus
1306 1216 1491 1249 germanus
1506 1206 1634 1241 Ether-

277 1250 371 1288 nani,
391 1255 425 1282 et
444 1261 549 1293 nepos
569 1263 611 1284 ex
628 1252 736 1284 fratre
753 1253 797 1285 D.
818 1254 1015 1288 Columbae.
1068 1257 1109 1289 In
1129 1258 1188 1291 SS.
1207 1261 1337 1293 relatus
1361 1272 1556 1302 numerum,
1575 1265 1633 1297 sed

277 1305 332 1338 die
344 1305 486 1338 incerto.
518 1306 665 1339 Arnold.
685 1307 812 1341 Uvion.
826 1309 884 1342 lib.
902 1319 960 1343 111.
975 1311 1081 1356 Ligni
1094 1312 1166 1346 Vit.
1186 1326 1264 1359 pag.
1284 1325 1411 1350 cDxu.
1430 1317 1530 1352 Joan.
1550 1319 1633 1353 Les-

278 1362 372 1394 laeus
390 1361 449 1394 lib.
470 1371 521 1394 IV.
573 1362 719 1406 Scripsit

422 1417 475 1450 De
494 1417 686 1451 Gentilium
705 1419 894 1454 Erroribus
1144 1425 1202 1458 lib.
1223 1435 1247 1458 1.

421 1473 475 1505 De
494 1473 617 1507 Gratia
633 1474 699 1507 Dei
1144 1481 1202 1514 lib.
1223 1491 1246 1514 Ι.

419 1528 473 1561 De
493 1529 754 1564 Gubernatione
771 1531 836 1565 Dei
1144 1537 1202 1570 lib.
1224 1546 1248 1570 Ι.

421 1584 598 1627 Epistolas
1141 1594 1199 1626 lib.
1220 1602 1244 1626 Ι.

323 1639 461 1672 Floruit
481 1641 573 1683 apud
591 1647 762 1676 nostrates
781 1646 894 1678 seculo
916 1647 1053 1689 piorum
1076 1653 1109 1681 et
1133 1650 1313 1683 doctorum
1338 1652 1518 1686 hominum
1543 1654 1629 1688 fera-

274 1696 421 1735 cissimo,
440 1697 504 1729 sub
523 1696 691 1730 Conuallo
709 1699 837 1732 scilicet
854 1712 944 1745 rege,
963 1707 997 1735 et
1011 1703 1192 1737 Bonifacio
1206 1705 1268 1738 IV.
1287 1708 1457 1749 pontifice,
1482 1711 1541 1753 qui
1569 1722 1627 1743 an-

275 1762 338 1784 nus
357 1751 423 1784 fuit
442 1753 563 1785 salutis
581 1758 759 1796 reparatae
779 1763 839 1788 Dc.
885 1756 907 1788 J
910 1768 986 1790 oan.
1006 1758 1168 1793 Leslaeus
1187 1761 1244 1793 lib.
1267 1771 1318 1795 IV.
1337 1774 1415 1808 pag.
1435 1774 1528 1798 CLII.

732 1922 765 1955 S.
794 1922 1029 1958 CAROLUS.
1082 1927 1161 1960 236.

274 2028 307 2061 S.
342 2028 525 2063 CAROLUS
561 2032 603 2064 ad
639 2033 874 2076 episcopatum
910 2036 1171 2082 Corcagiensem
1212 2041 1247 2073 in
1290 2042 1459 2076 Hibernia
1498 2046 1624 2079 divini-

273 2090 328 2116 tus
358 2085 483 2117 electus
508 2087 659 2119 traditur
682 2100 701 2120 a
725 2089 759 2121 S.
780 2089 957 2124 Bernardo
980 2094 1016 2125 in
1036 2093 1118 2127 Vita
1141 2096 1175 2127 S.
1196 2096 1397 2137 Malachiae,
1421 2104 1454 2132 et
1475 2112 1528 2134 res
1552 2107 1624 2134 tota

273 2140 321 2171 sic
348 2151 383 2171 se
409 2140 523 2173 habet.
574 2141 717 2175 Carolus
742 2145 783 2176 ad
807 2145 1003 2181 invisendas
1028 2149 1060 2181 S.
1084 2150 1226 2184 Patricii
1250 2154 1412 2196 reliquias
1436 2156 1472 2188 in
1499 2156 1623 2190 Hiber-

273 2195 365 2227 niam
396 2206 431 2227 se
467 2197 669 2236 contulerat,
708 2204 741 2232 et
775 2201 839 2233 sub
869 2202 959 2234 idem
994 2206 1094 2246 plane
1130 2212 1265 2250 tempus
1299 2210 1430 2243 obierat
1464 2211 1623 2256 Corcagi-

272 2251 363 2283 ensis
391 2252 558 2291 antistes3
584 2257 618 2285 at
643 2254 763 2293 clerus,
789 2261 829 2288 ut
853 2257 882 2288 ei
906 2268 1134 2294 successorem
1161 2263 1366 2308 designaret,
1393 2268 1487 2299 varie
1510 2278 1622 2300 move-

273 2306 385 2344 batur,
420 2308 625 2350 quibusdam
668 2320 730 2342 suo
769 2313 946 2345 commodo
979 2316 1208 2357 studentibus,
1244 2320 1320 2353 aliis
1354 2323 1473 2354 mundi
1507 2324 1621 2366 potius

934 2376 956 2400 T
