1861 2682
274 380 354 417 tius
380 392 551 424 assumo,
579 391 629 417 ne
656 379 798 424 dicam,
824 378 1032 417 ardentius
1062 392 1213 430 arrogo,
1243 379 1353 431 quod
1383 379 1424 416 in
1455 392 1501 417 eo
1527 392 1619 431 ope-

275 454 358 480 ram
390 454 609 492 curamque
643 441 765 492 figere
799 454 864 479 me
899 446 940 479 et
978 439 1171 479 collocare
1209 441 1335 492 probe
1372 440 1504 486 sciam,
1544 453 1619 478 un-

273 504 322 541 de
357 516 438 541 non
473 503 616 554 exigua
650 502 781 541 laudis
820 508 861 540 et
895 501 1045 554 gloriae
1080 503 1122 541 in
1157 515 1413 541 communem
1446 502 1617 554 patriam

273 565 343 603 fiat
383 565 563 603 accessio.
636 564 730 603 Huc
770 564 923 603 accedit
961 578 1050 603 mea
1089 565 1130 602 in
1171 579 1221 602 TE
1256 570 1297 603 et
1331 565 1372 602 in
1407 564 1619 616 Dempste-

272 641 363 665 rum
395 627 657 672 observantia,
689 627 880 665 devotum
912 626 1076 678 utrique
1105 626 1354 678 obsequium,
1378 639 1460 664 non
1488 624 1618 664 solum

273 691 323 728 ob
362 689 575 728 innumera
609 690 658 727 ab
697 695 873 740 utroque
913 688 955 726 in
994 701 1058 726 me
1092 688 1271 726 derivata
1303 687 1442 734 officia,
1480 700 1620 726 verum

273 751 395 790 etiam
434 752 485 790 ob
523 750 611 789 illas
650 764 753 802 quae
792 751 834 788 in
868 756 1042 802 utroque
1081 749 1227 788 eximie
1260 748 1462 788 collucent
1495 749 1618 788 animi

273 814 397 859 dotes,
431 813 617 852 omnibus
651 826 743 851 cum
776 812 1087 864 conspiciendaS‚
1120 817 1210 850 tum
1248 812 1357 850 omni
1397 811 1618 850 officiorum

271 889 417 927 genere
436 875 745 927 prosequendas.
801 874 893 912 Jam
914 874 1005 926 quis
1025 874 1124 912 adeo
1145 872 1400 925 irreligiosus,
1426 873 1497 925 qui
1524 872 1620 911 ulti-

272 951 376 975 mam
399 942 440 976 et
455 937 721 989 justissimam
742 936 945 975 demortui
968 935 1220 974 voluntatem
1240 949 1321 974 non
1343 937 1617 986 exsequatur?

273 1013 376 1051 quae
395 1013 492 1051 gens
513 1005 596 1038 tam
616 1000 794 1045 barbara,
821 1004 892 1037 aut
918 997 1008 1050 quis
1035 1003 1117 1036 tam
1145 997 1302 1043 efferus,
1328 1004 1368 1035 et
1395 1011 1417 1035 a
1440 996 1620 1035 moribus

272 1061 437 1108 alienus,
465 1061 535 1113 qui
566 1061 688 1099 vitam
718 1060 889 1113 alicujus
917 1061 949 1098 si
978 1066 1097 1112 putet
1126 1073 1197 1111 per
1230 1073 1271 1098 se
1304 1059 1463 1097 restitui
1493 1072 1621 1111 posse,

274 1123 406 1162 nolit?
440 1124 532 1175 quis
559 1123 736 1174 denique
766 1128 881 1160 tanto
908 1122 1018 1174 operi
1046 1127 1211 1173 tamque
1240 1120 1364 1172 digno
1390 1121 1509 1167 diem,
1537 1134 1619 1172 quo

272 1186 537 1238 Dempsterus
558 1184 777 1230 reviviscat,
798 1198 945 1236 negare
964 1182 1073 1229 velit,
1093 1190 1164 1222 aut
1180 1183 1423 1235 prohibere?
1453 1183 1529 1221 Cui
1546 1196 1621 1234 ego

271 1247 368 1286 alias
388 1248 464 1285 nisi
485 1246 671 1286 obtulero
692 1246 865 1292 inferias,
883 1245 1025 1284 saltem
1041 1245 1117 1284 hoc
1133 1258 1261 1283 unum
1277 1243 1502 1296 persolvere
1517 1244 1618 1283 mihi

271 1311 329 1349 fas
345 1310 397 1348 sit
417 1310 603 1355 officium,
624 1323 706 1347 non
726 1321 919 1359 magnum
940 1307 1117 1359 quidem,
1139 1307 1208 1345 sed
1229 1307 1341 1359 quod
1361 1306 1456 1345 huic
1478 1307 1619 1346 Histo-

271 1374 352 1411 riae
385 1372 624 1424 praefixum,
655 1376 696 1409 et
725 1370 880 1409 nomini
911 1369 1151 1420 inscriptum
1181 1375 1264 1415 tuo,
1294 1369 1619 1408 averruncandae

273 1434 447 1472 invidiae
469 1440 510 1472 et
530 1432 742 1471 oblivionis
764 1445 891 1478 causa,
911 1430 1138 1470 immortale
1167 1431 1219 1469 sit
1242 1431 1439 1469 futurum.
1496 1431 1620 1469 Nunc

272 1510 366 1534 vero
390 1496 496 1534 inter
520 1495 597 1533 alia
621 1508 725 1546 quae
754 1493 871 1532 illum
900 1493 1225 1538 adhortarentur,
1254 1499 1302 1531 ut
1331 1500 1372 1531 te
1396 1493 1447 1531 ad
1471 1507 1613 1532 novam

272 1559 386 1603 hanc,
416 1564 457 1596 et
485 1556 694 1595 meliorem
723 1557 828 1594 forte
857 1556 1030 1595 Scotiam
1059 1555 1301 1594 advocarent
1325 1554 1618 1601 illustrandam,

273 1626 394 1673 caput
415 1618 520 1658 illud
540 1633 623 1658 esse
644 1618 744 1657 mihi
767 1619 897 1657 visum
919 1623 988 1663 est,
1010 1618 1041 1655 si
1062 1623 1276 1669 reponeret
1295 1617 1404 1669 apud
1430 1616 1618 1669 aliquem,

272 1682 381 1735 apud
400 1695 523 1733 quem
543 1681 672 1727 sciret,
693 1681 802 1733 apud
821 1694 942 1732 quem
964 1693 1045 1718 non
1067 1680 1299 1718 nesciretur.
1357 1679 1413 1718 Et
1439 1686 1557 1726 certe,
1585 1681 1616 1718 si

272 1744 371 1796 quid
392 1744 537 1782 Virum
558 1743 758 1782 illustrem
779 1749 849 1781 aut
870 1742 1099 1794 PrIncipem
1127 1742 1393 1788 commendet,
1421 1742 1462 1780 id
1482 1748 1616 1781 totum

272 1808 312 1845 in
334 1806 559 1858 prudentia,
580 1805 780 1857 exquisita
800 1818 934 1843 rerum
956 1804 1194 1856 cognitione,
1215 1810 1256 1842 et
1271 1804 1394 1842 animi
1415 1804 1618 1856 magnitu-

272 1870 367 1907 dine
392 1869 516 1907 situm
541 1868 753 1908 existimo:
784 1873 901 1906 norat
930 1867 1038 1905 enim
1068 1873 1108 1905 te
1135 1880 1218 1905 esse
1242 1880 1335 1904 eum
1362 1867 1470 1918 apud
1494 1880 1615 1918 quem

270 1933 373 1969 bene
393 1936 657 1976 mererentur,
681 1936 753 1968 aut
782 1930 852 1981 qui
882 1929 978 1967 huic
1006 1928 1141 1968 seculo
1168 1928 1413 1974 adornando,
1439 1935 1481 1967 et
1506 1942 1618 1980 prae-

272 1993 410 2031 sertim
449 1999 543 2030 tuae
582 1992 734 2043 patriae
773 1991 1027 2031 extollendae
1065 1991 1260 2043 gentique
1298 1991 1519 2036 Scotorum,
1567 2005 1615 2029 ex

276 2056 423 2107 quibus
469 2055 619 2106 regiam
666 2054 784 2106 plane
832 2054 946 2092 ducis
995 2053 1201 2105 originem,
1242 2053 1349 2091 inter
1392 2053 1513 2092 fastos
1558 2067 1618 2091 re-

273 2117 494 2156 censendae
533 2129 694 2168 operam
735 2122 929 2154 navarent
967 2115 1215 2167 diligentem,
1255 2121 1326 2154 aut
1364 2113 1506 2154 saltem
1544 2116 1614 2166 qui

274 2181 324 2218 de.
358 2179 489 2217 Musis
526 2192 570 2217 ac
609 2177 737 2217 literis
775 2178 1024 2216 humanioris
1063 2177 1303 2216 eruditionis
1341 2182 1447 2216 totos
1481 2190 1617 2216 conse-

273 2247 440 2287 crarent,
484 2254 532 2279 ex
575 2240 723 2293 quibus
767 2239 943 2292 aliquam
989 2240 1165 2292 Majores
1209 2245 1249 2279 et
1295 2239 1449 2278 Posteri
1495 2239 1616 2278 refer-

274 2310 364 2343 rent
395 2303 795 2343 commendationem.
867 2301 961 2341 Non
990 2308 1128 2341 retexo
1156 2301 1222 2341 hic
1253 2302 1395 2354 quanti
1425 2300 1476 2339 sis
1507 2301 1615 2353 apud
