1861 2682
252 264 312 294 116
624 265 849 297 HISTORIA
870 264 1233 296 ECCLESIASTICA

550 356 722 392 Aequabunt
734 355 848 391 genium
862 353 952 381 felicis
966 354 1104 387 carminis,
1119 359 1147 382 et
1160 363 1234 391 quae

588 401 673 428 Orbis
686 400 771 428 habet
784 400 874 427 famae
888 399 995 426 conscia
1009 399 1089 435 signa
1102 404 1168 426 tuae
1181 410 1188 426 ε

549 446 681 483 Namque
694 445 729 473 ad
742 454 903 483 supremum
917 444 1051 481 perducta
1065 444 1173 481 poetica
1186 443 1299 472 eulmen

593 492 627 518 In
641 497 670 519 te
683 496 749 525 stat,
763 500 814 518 nec
827 500 882 528 quo
895 489 1089 527 progrediatur
1102 489 1195 517 habet.

552 537 667 574 Imperii
680 537 773 565 fuerat
787 536 906 564 Romani
922 535 1014 563 Scotia
1027 535 1118 568 limes,

591 583 711 611 Romani
725 582 827 620 eloquii
842 581 936 609 Scotia
950 581 1013 608 finis
1027 580 1090 608 erit.

542 678 795 712 HENRICUS
820 675 1197 710 BLACVODAEUS.
1251 678 1330 710 201.

261 752 473 785 HENRICUS
499 751 734 784 Blacvodaeus
760 749 1060 782 Sanctandreanus
1087 748 1277 782 clarissimo
1303 749 1442 782 nomine
1467 750 1615 793 philoso-

261 808 377 851 phiam
396 807 556 841 Lutetiae
574 805 801 849 profitebatur
818 815 908 837 anno
926 805 1028 838 salut.
1049 812 1166 837 MDLI.
1190 809 1231 837 ut
1256 805 1293 837 in
1316 806 1400 838 actis
1424 806 1616 838 academiae

259 864 436 908 ejusdem3
463 862 585 895 exinde
610 861 798 894 medicinae
824 861 943 893 doctor
968 871 1043 892 eam
1070 865 1179 893 artem
1211 860 1346 905 ingenti
1375 872 1438 894 suo
1468 862 1617 898 nomine,

260 920 448 952 multorum
479 929 561 951 vero
590 917 780 955 commodo,
815 916 997 959 praecipue
1025 920 1121 959 peste
1150 916 1335 955 saeviente,
1365 916 1492 950 ibidem
1524 928 1617 950 exer-

261 976 341 1009 cuit.
393 974 483 1019 Ejus
500 978 583 1007 sunt
601 973 714 1006 edita:

403 1029 445 1063 In
463 1030 644 1074 Organum
662 1028 862 1062 Aristotelis
881 1027 1138 1061 Commentaria
1297 1027 1356 1060 lib.
1376 1036 1400 1060 1.

407 1085 554 1118 Collatio
573 1083 815 1126 Philosophiae
832 1087 936 1126 atque
954 1083 1147 1116 Medicinae
1297 1084 1356 1116 lib.
1377 1092 1400 1116 1.

403 1141 457 1174 De
474 1141 574 1173 claris
593 1139 738 1172 Medicis
1296 1139 1354 1172 lib.
1374 1148 1446 1172 XII.

309 1196 411 1231 MSS.
429 1208 511 1230 vero
529 1196 621 1239 apud
638 1195 780 1228 heredes
797 1205 901 1238 quam
920 1195 1089 1237 plurima:
1116 1195 1154 1227 in
1171 1195 1236 1234 his,

406 1252 676 1286 Animadversio
693 1252 729 1283 in
748 1261 866 1284 omnes
884 1249 1006 1283 Galeni
1024 1249 1148 1283 Libros
1296 1250 1354 1283 lib.
1376 1259 1399 1283 1.

405 1308 629 1351 Hippocratis
645 1307 815 1350 quaedam
833 1316 911 1338 cum
929 1304 1032 1337 MSS.
1052 1306 1174 1338 collata
1295 1305 1354 1338 lib.
1374 1314 1398 1337 1.

406 1363 449 1397 In
466 1363 706 1396 Alexandrum
724 1361 940 1394 Trallianum
960 1359 1153 1393 Comment.
1298 1361 1357 1394 lib.
1378 1369 1401 1392 1.

407 1418 580 1452 Locorum
598 1417 817 1460 quorundam
836 1415 943 1448 Plinii
961 1414 1161 1459 Explicatio
1298 1416 1356 1449 lib.
1377 1424 1401 1448 1.

314 1475 410 1508 Obiit
430 1474 590 1507 Lutetiae
608 1483 698 1506 anno
718 1480 890 1504 MDCXIV.

569 1567 778 1602 ADAMUS
802 1567 1178 1602 BLACVODAEUS.
1231 1570 1311 1601 202.

267 1644 443 1677 ADAMUS
468 1641 715 1679 Blacvodaeus,
741 1640 849 1673 frater
875 1639 1030 1680 Henrici,
1058 1640 1175 1673 eodem
1202 1640 1306 1672 etiam
1332 1644 1486 1681 tempore
1511 1639 1619 1671 eidem

266 1699 381 1732 studio
400 1698 543 1730 Parisiis
561 1708 596 1729 se
615 1697 769 1735 addixit3
789 1706 868 1728 nam
887 1696 946 1729 ubi
964 1696 1229 1729 celebratissima
1246 1694 1449 1727 eruditionis
1468 1694 1571 1733 fama,
1586 1702 1620 1727 et>

266 1754 418 1787 maximo
441 1753 639 1785 auditorum
663 1762 830 1784 concursu
854 1751 988 1794 publice
1013 1750 1265 1793 philosophiam
1291 1750 1414 1782 fuisset
1436 1749 1620 1792 professus,

266 1811 303 1842 in
332 1809 543 1842 famulitium
572 1807 837 1852 augustissimae
865 1807 1045 1839 Scotorum
1070 1807 1208 1850 reginae
1232 1806 1360 1838 ascitus
1382 1809 1416 1837 et
1437 1805 1517 1838 boni
1544 1806 1621 1837 sub-

267 1865 331 1897 diti
357 1870 391 1897 et
416 1864 643 1896 literatissimi
669 1863 736 1895 viri
762 1867 876 1906 partes
903 1862 1084 1905 implevit3
1111 1866 1185 1894 tum
1211 1861 1349 1893 demum
1374 1861 1411 1893 in
1433 1861 1622 1903 municipa-

269 1922 335 1953 lem
366 1920 549 1952 Pictonum
580 1919 710 1951 curiam
746 1919 897 1956 allectus,
927 1918 1037 1961 judex
1070 1916 1297 1958 aequissimus
1331 1916 1480 1955 habitus,
1513 1917 1623 1960 gloria

271 1975 406 2008 abunde
435 1980 546 2017 parta,
572 1975 667 2007 senio
692 1973 866 2006 confectus
892 1972 1046 2005 excessit.
1097 1970 1187 2015 Ejus
1213 1976 1294 2004 sunt
1319 1971 1465 2011 infinita,
1497 1972 1557 2004 sed
1587 1973 1623 2004 in

271 2041 393 2064 manus
412 2041 504 2063 meas
524 2034 692 2062 venerunt
708 2039 827 2071 pauca.

414 2086 625 2128 Martyrium
644 2084 798 2128 Reginae
816 2082 949 2115 Scotiae
1301 2083 1360 2115 lib.
1380 2091 1404 2115 1.

416 2140 582 2172 Jesabelis
600 2139 813 2183 Anglicanae
834 2137 1051 2181 Vituperium
1304 2139 1363 2171 lib.
1383 2147 1406 2170 1.

414 2195 539 2228 Scotici
558 2195 670 2239 Regni
689 2205 766 2226 cum
785 2194 860 2226 aliis
879 2193 1099 2237 Comparatio
1304 2194 1363 2227 lib.
1384 2202 1407 2226 1.

411 2251 464 2284 De
479 2251 593 2283 stabili
607 2249 785 2283 Scotorum
801 2249 886 2282 Fide
898 2254 975 2292 post
988 2254 1180 2293 susceptam
1196 2248 1314 2282 Evan-

457 2307 538 2351 gelii
555 2307 665 2339 lucem
1303 2304 1361 2337 lib.
1382 2313 1406 2336 1.
