<?xml version="1.0" encoding="UTF-8"?>
<!DOCTYPE html PUBLIC "-//W3C//DTD XHTML 1.0 Transitional//EN"
    "http://www.w3.org/TR/xhtml1/DTD/xhtml1-transitional.dtd">
<html xmlns="http://www.w3.org/1999/xhtml" xml:lang="en" lang="en">
 <head>
  <title>
</title>
<meta http-equiv="Content-Type" content="text/html;charset=utf-8" />
  <meta name='ocr-system' content='tesseract 3.04.00' />
  <meta name='ocr-capabilities' content='ocr_page ocr_carea ocr_par ocr_line ocrx_word'/>
</head>
<body>
  <div class='ocr_page' id='page_1' title='image "./thomaedempsterih00bann_0184.png"; bbox 0 0 1861 2682; ppageno 0'>
   <div class='ocr_carea' id='block_1_1' title="bbox 204 272 1188 306">
    <p class='ocr_par' dir='ltr' id='par_1_1' title="bbox 204 272 1188 306">
     <span class='ocr_line' id='line_1_1' title="bbox 204 272 1188 306; baseline 0.002 -4"><span class='ocrx_word' id='word_1_1' title='bbox 204 275 264 303; x_wconf 75' lang='lat'>114</span> <span class='ocrx_word' id='word_1_2' title='bbox 578 273 802 306; x_wconf 82' lang='lat' dir='ltr'>HISTORIA</span> <span class='ocrx_word' id='word_1_3' title='bbox 825 272 1188 304; x_wconf 88' lang='lat' dir='ltr'>ECCLESIASTICA</span> 
     </span>
    </p>
   </div>
   <div class='ocr_carea' id='block_1_2' title="bbox 499 362 1334 440">
    <p class='ocr_par' dir='ltr' id='par_1_2' title="bbox 499 362 1334 440">
     <span class='ocr_line' id='line_1_2' title="bbox 499 362 1334 398; baseline -0.001 -7"><span class='ocrx_word' id='word_1_4' title='bbox 499 363 578 391; x_wconf 85' lang='lat' dir='ltr'>Haec</span> <span class='ocrx_word' id='word_1_5' title='bbox 592 368 641 390; x_wconf 83' lang='lat' dir='ltr'>tua</span> <span class='ocrx_word' id='word_1_6' title='bbox 654 368 729 395; x_wconf 85' lang='lat' dir='ltr'>sunt,</span> <span class='ocrx_word' id='word_1_7' title='bbox 744 362 923 393; x_wconf 83' lang='lat' dir='ltr'>Buchamme,</span> <span class='ocrx_word' id='word_1_8' title='bbox 937 365 1042 398; x_wconf 86' lang='lat' dir='ltr'>tuoque</span> <span class='ocrx_word' id='word_1_9' title='bbox 1055 362 1084 389; x_wconf 92' lang='lat' dir='ltr'>in</span> <span class='ocrx_word' id='word_1_10' title='bbox 1098 362 1211 390; x_wconf 87' lang='lat' dir='ltr'>nomine</span> <span class='ocrx_word' id='word_1_11' title='bbox 1224 367 1334 393; x_wconf 75' lang='lat' dir='ltr'>cuncta,</span> 
     </span>
     <span class='ocr_line' id='line_1_3' title="bbox 537 407 1208 440; baseline -0.003 -4"><span class='ocrx_word' id='word_1_12' title='bbox 537 409 629 436; x_wconf 81' lang='lat' dir='ltr'>Canus</span> <span class='ocrx_word' id='word_1_13' title='bbox 643 414 672 436; x_wconf 89' lang='lat' dir='ltr'>et</span> <span class='ocrx_word' id='word_1_14' title='bbox 685 417 785 440; x_wconf 86' lang='lat' dir='ltr'>annus,</span> <span class='ocrx_word' id='word_1_15' title='bbox 799 408 869 435; x_wconf 90' lang='lat' dir='ltr'>item</span> <span class='ocrx_word' id='word_1_16' title='bbox 882 407 1008 440; x_wconf 87' lang='lat' dir='ltr'>buccina,</span> <span class='ocrx_word' id='word_1_17' title='bbox 1023 407 1119 439; x_wconf 84' lang='lat' dir='ltr'>bucca,</span> <span class='ocrx_word' id='word_1_18' title='bbox 1133 417 1208 435; x_wconf 88' lang='lat' dir='ltr'>cano.</span> 
     </span>
    </p>
   </div>
   <div class='ocr_carea' id='block_1_3' title="bbox 255 495 659 530">
    <p class='ocr_par' dir='ltr' id='par_1_3' title="bbox 255 495 659 530">
     <span class='ocr_line' id='line_1_4' title="bbox 255 495 659 530; baseline -0.005 0"><span class='ocrx_word' id='word_1_19' title='bbox 255 497 399 530; x_wconf 79' lang='lat' dir='ltr'><strong>Carolus</strong></span> <span class='ocrx_word' id='word_1_20' title='bbox 418 495 638 529; x_wconf 88' lang='lat' dir='ltr'>Utenhovius</span> <span class='ocrx_word' id='word_1_21' title='bbox 651 506 659 528; x_wconf 73' lang='grc' dir='ltr'><strong>ε</strong></span> 
     </span>
    </p>
   </div>
   <div class='ocr_carea' id='block_1_4' title="bbox 500 576 1165 662">
    <p class='ocr_par' dir='ltr' id='par_1_4' title="bbox 500 576 1165 662">
     <span class='ocr_line' id='line_1_5' title="bbox 500 576 1139 609; baseline -0.003 -3"><span class='ocrx_word' id='word_1_22' title='bbox 500 579 570 607; x_wconf 90' lang='lat' dir='ltr'>Tres</span> <span class='ocrx_word' id='word_1_23' title='bbox 586 578 671 606; x_wconf 85' lang='lat' dir='ltr'>Italos</span> <span class='ocrx_word' id='word_1_24' title='bbox 686 579 762 607; x_wconf 89' lang='lat' dir='ltr'>Galli</span> <span class='ocrx_word' id='word_1_25' title='bbox 777 588 857 607; x_wconf 82' lang='lat' dir='ltr'>senos</span> <span class='ocrx_word' id='word_1_26' title='bbox 870 577 972 609; x_wconf 77' lang='lat' dir='ltr'>vicere,</span> <span class='ocrx_word' id='word_1_27' title='bbox 987 576 1036 604; x_wconf 87' lang='lat' dir='ltr'>sed</span> <span class='ocrx_word' id='word_1_28' title='bbox 1050 586 1139 604; x_wconf 90' lang='lat' dir='ltr'>unum</span> 
     </span>
     <span class='ocr_line' id='line_1_6' title="bbox 538 622 1165 662; baseline -0.002 -11"><span class='ocrx_word' id='word_1_29' title='bbox 538 624 656 652; x_wconf 84' lang='lat' dir='ltr'>Vincere</span> <span class='ocrx_word' id='word_1_30' title='bbox 672 625 847 662; x_wconf 83' lang='lat' dir='ltr'>Scotigenam</span> <span class='ocrx_word' id='word_1_31' title='bbox 862 633 917 651; x_wconf 89' lang='lat' dir='ltr'>non</span> <span class='ocrx_word' id='word_1_32' title='bbox 930 622 1043 651; x_wconf 84' lang='lat' dir='ltr'>valuere</span> <span class='ocrx_word' id='word_1_33' title='bbox 1057 632 1165 651; x_wconf 88' lang='lat' dir='ltr'>novem.</span> 
     </span>
    </p>
   </div>
   <div class='ocr_carea' id='block_1_5' title="bbox 205 710 1560 812">
    <p class='ocr_par' dir='ltr' id='par_1_5' title="bbox 205 710 1560 812">
     <span class='ocr_line' id='line_1_7' title="bbox 252 710 1560 755; baseline 0 -10"><span class='ocrx_word' id='word_1_34' title='bbox 252 713 319 745; x_wconf 84' lang='lat' dir='ltr'>Est</span> <span class='ocrx_word' id='word_1_35' title='bbox 336 717 370 745; x_wconf 88' lang='lat' dir='ltr'>et</span> <span class='ocrx_word' id='word_1_36' title='bbox 391 712 611 755; x_wconf 85' lang='lat' dir='ltr'>praeconium</span> <span class='ocrx_word' id='word_1_37' title='bbox 636 712 802 744; x_wconf 87' lang='lat' dir='ltr'>eximium</span> <span class='ocrx_word' id='word_1_38' title='bbox 829 710 994 755; x_wconf 85' lang='lat' dir='ltr'>ejusdem,</span> <span class='ocrx_word' id='word_1_39' title='bbox 1020 711 1112 753; x_wconf 88' lang='lat' dir='ltr'>apud</span> <span class='ocrx_word' id='word_1_40' title='bbox 1137 710 1337 744; x_wconf 85' lang='lat' dir='ltr'>Conradum</span> <span class='ocrx_word' id='word_1_41' title='bbox 1362 711 1560 745; x_wconf 77' lang='lat' dir='ltr'>Rittershu-</span> 
     </span>
     <span class='ocr_line' id='line_1_8' title="bbox 205 765 1400 812; baseline -0.001 -11"><span class='ocrx_word' id='word_1_42' title='bbox 205 769 293 801; x_wconf 75' lang='lat' dir='ltr'>sium</span> <span class='ocrx_word' id='word_1_43' title='bbox 313 768 350 800; x_wconf 93' lang='lat' dir='ltr'>in</span> <span class='ocrx_word' id='word_1_44' title='bbox 368 767 633 800; x_wconf 81' lang='lat' dir='ltr'>Commentariis</span> <span class='ocrx_word' id='word_1_45' title='bbox 651 767 694 799; x_wconf 88' lang='lat' dir='ltr'>ad</span> <span class='ocrx_word' id='word_1_46' title='bbox 711 766 924 810; x_wconf 83' lang='lat' dir='ltr'>Oppianum,</span> <span class='ocrx_word' id='word_1_47' title='bbox 942 765 966 798; x_wconf 87' lang='lat' dir='ltr'><strong>J</strong></span> <span class='ocrx_word' id='word_1_48' title='bbox 969 766 1015 799; x_wconf 91' lang='lat' dir='ltr'>ul.</span> <span class='ocrx_word' id='word_1_49' title='bbox 1034 765 1191 800; x_wconf 85' lang='lat' dir='ltr'>Caesaris</span> <span class='ocrx_word' id='word_1_50' title='bbox 1209 765 1374 812; x_wconf 84' lang='lat' dir='ltr'>Scaligeri</span> <span class='ocrx_word' id='word_1_51' title='bbox 1393 777 1400 800; x_wconf 91' lang='lat'>:</span> 
     </span>
    </p>
   </div>
   <div class='ocr_carea' id='block_1_6' title="bbox 496 843 1088 923">
    <p class='ocr_par' dir='ltr' id='par_1_6' title="bbox 496 843 1088 923">
     <span class='ocr_line' id='line_1_9' title="bbox 496 843 1030 881; baseline 0.002 -11"><span class='ocrx_word' id='word_1_52' title='bbox 496 843 578 872; x_wconf 82' lang='lat' dir='ltr'>Felix</span> <span class='ocrx_word' id='word_1_53' title='bbox 593 843 706 881; x_wconf 83' lang='lat' dir='ltr'>Georgi,</span> <span class='ocrx_word' id='word_1_54' title='bbox 721 843 826 871; x_wconf 81' lang='lat' dir='ltr'>lacteae</span> <span class='ocrx_word' id='word_1_55' title='bbox 840 853 928 872; x_wconf 86' lang='lat' dir='ltr'>venae</span> <span class='ocrx_word' id='word_1_56' title='bbox 941 849 1030 881; x_wconf 84' lang='lat' dir='ltr'>pater,</span> 
     </span>
     <span class='ocr_line' id='line_1_10' title="bbox 574 889 1088 923; baseline 0.002 -7"><span class='ocrx_word' id='word_1_57' title='bbox 574 889 655 923; x_wconf 82' lang='lat' dir='ltr'>Quae</span> <span class='ocrx_word' id='word_1_58' title='bbox 669 889 741 917; x_wconf 84' lang='lat' dir='ltr'>ditat</span> <span class='ocrx_word' id='word_1_59' title='bbox 755 889 922 917; x_wconf 89' lang='lat' dir='ltr'>immensum</span> <span class='ocrx_word' id='word_1_60' title='bbox 937 899 1022 922; x_wconf 80' lang='lat' dir='ltr'>mare,</span> <span class='ocrx_word' id='word_1_61' title='bbox 1038 890 1088 917; x_wconf 76' lang='lat' dir='ltr'>&amp;c-</span> 
     </span>
    </p>
   </div>
   <div class='ocr_carea' id='block_1_7' title="bbox 253 977 565 1020">
    <p class='ocr_par' dir='ltr' id='par_1_7' title="bbox 253 977 565 1020">
     <span class='ocr_line' id='line_1_11' title="bbox 253 977 565 1020; baseline 0.003 -11"><span class='ocrx_word' id='word_1_62' title='bbox 253 977 348 1010; x_wconf 89' lang='lat' dir='ltr'>Idem</span> <span class='ocrx_word' id='word_1_63' title='bbox 366 978 467 1020; x_wconf 88' lang='lat' dir='ltr'>pleno</span> <span class='ocrx_word' id='word_1_64' title='bbox 485 988 542 1010; x_wconf 87' lang='lat' dir='ltr'>ore</span> <span class='ocrx_word' id='word_1_65' title='bbox 556 988 565 1010; x_wconf 89' lang='lat'><strong>:</strong></span> 
     </span>
    </p>
   </div>
   <div class='ocr_carea' id='block_1_8' title="bbox 495 1047 1173 1405">
    <p class='ocr_par' dir='ltr' id='par_1_8' title="bbox 495 1047 1173 1175">
     <span class='ocr_line' id='line_1_12' title="bbox 496 1047 1030 1085; baseline -0.002 -10"><span class='ocrx_word' id='word_1_66' title='bbox 496 1047 568 1075; x_wconf 84' lang='lat' dir='ltr'><strong>Heri</strong></span> <span class='ocrx_word' id='word_1_67' title='bbox 582 1047 708 1084; x_wconf 86' lang='lat' dir='ltr'><strong>legebam</strong></span> <span class='ocrx_word' id='word_1_68' title='bbox 724 1057 815 1085; x_wconf 87' lang='lat' dir='ltr'>nuper</span> <span class='ocrx_word' id='word_1_69' title='bbox 829 1047 946 1075; x_wconf 83' lang='lat' dir='ltr'>allatum</span> <span class='ocrx_word' id='word_1_70' title='bbox 960 1047 1030 1074; x_wconf 90' lang='lat' dir='ltr'>mihi</span> 
     </span>
     <span class='ocr_line' id='line_1_13' title="bbox 495 1093 1173 1130; baseline 0.001 -10"><span class='ocrx_word' id='word_1_71' title='bbox 495 1093 639 1130; x_wconf 79' lang='lat' dir='ltr'>Sapidum,</span> <span class='ocrx_word' id='word_1_72' title='bbox 655 1093 802 1125; x_wconf 84' lang='lat' dir='ltr'>tenellum,</span> <span class='ocrx_word' id='word_1_73' title='bbox 817 1093 900 1121; x_wconf 85' lang='lat' dir='ltr'>molle</span> <span class='ocrx_word' id='word_1_74' title='bbox 915 1102 1033 1126; x_wconf 82' lang='lat' dir='ltr'>carmen,</span> <span class='ocrx_word' id='word_1_75' title='bbox 1049 1102 1173 1127; x_wconf 79' lang='lat' dir='ltr'>aureum,</span> 
     </span>
     <span class='ocr_line' id='line_1_14' title="bbox 498 1138 1045 1175; baseline -0.002 -9"><span class='ocrx_word' id='word_1_76' title='bbox 498 1139 718 1175; x_wconf 84' lang='lat' dir='ltr'>Intelligendum</span> <span class='ocrx_word' id='word_1_77' title='bbox 732 1138 778 1166; x_wconf 89' lang='lat' dir='ltr'>vel</span> <span class='ocrx_word' id='word_1_78' title='bbox 791 1138 894 1175; x_wconf 86' lang='lat' dir='ltr'>puellis</span> <span class='ocrx_word' id='word_1_79' title='bbox 908 1138 1045 1170; x_wconf 84' lang='lat' dir='ltr'>omnibus,</span> 
     </span>
    </p>

    <p class='ocr_par' dir='ltr' id='par_1_9' title="bbox 495 1184 1155 1313">
     <span class='ocr_line' id='line_1_15' title="bbox 499 1184 1110 1221; baseline 0.002 -10"><span class='ocrx_word' id='word_1_80' title='bbox 499 1184 528 1211; x_wconf 86' lang='lat' dir='ltr'>Si</span> <span class='ocrx_word' id='word_1_81' title='bbox 543 1184 680 1221; x_wconf 81' lang='lat' dir='ltr'>splendor,</span> <span class='ocrx_word' id='word_1_82' title='bbox 696 1190 781 1221; x_wconf 86' lang='lat' dir='ltr'>atque</span> <span class='ocrx_word' id='word_1_83' title='bbox 795 1184 912 1221; x_wconf 83' lang='lat' dir='ltr'>puritas,</span> <span class='ocrx_word' id='word_1_84' title='bbox 928 1184 1022 1217; x_wconf 88' lang='lat' dir='ltr'>decus,</span> <span class='ocrx_word' id='word_1_85' title='bbox 1036 1184 1110 1212; x_wconf 85' lang='lat' dir='ltr'>nitor</span> 
     </span>
     <span class='ocr_line' id='line_1_16' title="bbox 497 1229 1155 1267; baseline 0.005 -11"><span class='ocrx_word' id='word_1_86' title='bbox 497 1230 631 1257; x_wconf 87' lang='lat' dir='ltr'>Animum</span> <span class='ocrx_word' id='word_1_87' title='bbox 647 1230 741 1258; x_wconf 86' lang='lat' dir='ltr'>subire</span> <span class='ocrx_word' id='word_1_88' title='bbox 755 1229 931 1258; x_wconf 82' lang='lat' dir='ltr'>luculentum</span> <span class='ocrx_word' id='word_1_89' title='bbox 946 1230 1036 1257; x_wconf 87' lang='lat' dir='ltr'>ullum</span> <span class='ocrx_word' id='word_1_90' title='bbox 1050 1236 1135 1267; x_wconf 85' lang='lat' dir='ltr'>queat</span> <span class='ocrx_word' id='word_1_91' title='bbox 1147 1242 1155 1264; x_wconf 86' lang='lat'>,·</span> 
     </span>
     <span class='ocr_line' id='line_1_17' title="bbox 495 1275 1073 1313; baseline 0.002 -11"><span class='ocrx_word' id='word_1_92' title='bbox 495 1275 717 1313; x_wconf 84' lang='lat' dir='ltr'>Intelligendum</span> <span class='ocrx_word' id='word_1_93' title='bbox 732 1285 787 1302; x_wconf 93' lang='lat' dir='ltr'>non</span> <span class='ocrx_word' id='word_1_94' title='bbox 800 1275 883 1303; x_wconf 80' lang='lat' dir='ltr'>facile</span> <span class='ocrx_word' id='word_1_95' title='bbox 897 1276 984 1303; x_wconf 87' lang='lat' dir='ltr'>doctis</span> <span class='ocrx_word' id='word_1_96' title='bbox 998 1276 1073 1309; x_wconf 83' lang='lat' dir='ltr'>viris,</span> 
     </span>
    </p>

    <p class='ocr_par' dir='ltr' id='par_1_10' title="bbox 496 1320 1169 1405">
     <span class='ocr_line' id='line_1_18' title="bbox 496 1320 1046 1353; baseline 0 -5"><span class='ocrx_word' id='word_1_97' title='bbox 496 1321 559 1349; x_wconf 81' lang='lat' dir='ltr'>Nisi</span> <span class='ocrx_word' id='word_1_98' title='bbox 574 1322 677 1349; x_wconf 87' lang='lat' dir='ltr'>mentis</span> <span class='ocrx_word' id='word_1_99' title='bbox 691 1322 830 1350; x_wconf 81' lang='lat' dir='ltr'>excitetur</span> <span class='ocrx_word' id='word_1_100' title='bbox 845 1320 925 1349; x_wconf 86' lang='lat' dir='ltr'>ardor</span> <span class='ocrx_word' id='word_1_101' title='bbox 940 1321 1046 1353; x_wconf 83' lang='lat' dir='ltr'>efficax,</span> 
     </span>
     <span class='ocr_line' id='line_1_19' title="bbox 497 1367 1169 1405; baseline -0.003 -10"><span class='ocrx_word' id='word_1_102' title='bbox 497 1367 707 1395; x_wconf 85' lang='lat' dir='ltr'>Sententiarum</span> <span class='ocrx_word' id='word_1_103' title='bbox 721 1372 835 1405; x_wconf 84' lang='lat' dir='ltr'>propter</span> <span class='ocrx_word' id='word_1_104' title='bbox 848 1367 973 1395; x_wconf 87' lang='lat' dir='ltr'>ardorem</span> <span class='ocrx_word' id='word_1_105' title='bbox 987 1376 1104 1400; x_wconf 87' lang='lat' dir='ltr'>merum,</span> <span class='ocrx_word' id='word_1_106' title='bbox 1120 1368 1169 1395; x_wconf 68' lang='grc' dir='ltr'>ἃς.</span> 
     </span>
    </p>
   </div>
   <div class='ocr_carea' id='block_1_9' title="bbox 251 1454 756 1499">
    <p class='ocr_par' dir='ltr' id='par_1_11' title="bbox 251 1454 756 1499">
     <span class='ocr_line' id='line_1_20' title="bbox 251 1454 756 1499; baseline 0.002 -13"><span class='ocrx_word' id='word_1_107' title='bbox 251 1454 353 1487; x_wconf 88' lang='lat' dir='ltr'>Alius</span> <span class='ocrx_word' id='word_1_108' title='bbox 372 1454 548 1488; x_wconf 80' lang='lat' dir='ltr'>nominari</span> <span class='ocrx_word' id='word_1_109' title='bbox 566 1455 732 1499; x_wconf 86' lang='lat' dir='ltr'>indignus</span> <span class='ocrx_word' id='word_1_110' title='bbox 748 1464 756 1487; x_wconf 88' lang='lat'>:</span> 
     </span>
    </p>
   </div>
   <div class='ocr_carea' id='block_1_10' title="bbox 497 1523 1315 2294">
    <p class='ocr_par' dir='ltr' id='par_1_12' title="bbox 497 1523 1315 1652">
     <span class='ocr_line' id='line_1_21' title="bbox 497 1523 1257 1558; baseline 0.003 -7"><span class='ocrx_word' id='word_1_111' title='bbox 497 1523 639 1551; x_wconf 81' lang='lat' dir='ltr'>Aonidum</span> <span class='ocrx_word' id='word_1_112' title='bbox 654 1524 810 1552; x_wconf 86' lang='lat' dir='ltr'>immortale</span> <span class='ocrx_word' id='word_1_113' title='bbox 824 1524 917 1557; x_wconf 88' lang='lat' dir='ltr'>decus,</span> <span class='ocrx_word' id='word_1_114' title='bbox 933 1524 1111 1557; x_wconf 82' lang='lat' dir='ltr'>Buchanane‚</span> <span class='ocrx_word' id='word_1_115' title='bbox 1125 1534 1257 1558; x_wconf 85' lang='lat' dir='ltr'>sororum,</span> 
     </span>
     <span class='ocr_line' id='line_1_22' title="bbox 498 1569 1315 1608; baseline 0.004 -12"><span class='ocrx_word' id='word_1_116' title='bbox 498 1570 627 1606; x_wconf 80' lang='lat' dir='ltr'>Namque</span> <span class='ocrx_word' id='word_1_117' title='bbox 641 1570 693 1597; x_wconf 91' lang='lat' dir='ltr'>tibi</span> <span class='ocrx_word' id='word_1_118' title='bbox 707 1575 848 1598; x_wconf 82' lang='lat' dir='ltr'>extremae</span> <span class='ocrx_word' id='word_1_119' title='bbox 862 1579 947 1608; x_wconf 86' lang='lat' dir='ltr'>prope</span> <span class='ocrx_word' id='word_1_120' title='bbox 961 1575 1026 1597; x_wconf 87' lang='lat' dir='ltr'>nato</span> <span class='ocrx_word' id='word_1_121' title='bbox 1040 1569 1074 1597; x_wconf 88' lang='lat' dir='ltr'>ad</span> <span class='ocrx_word' id='word_1_122' title='bbox 1089 1570 1184 1598; x_wconf 88' lang='lat' dir='ltr'>littora</span> <span class='ocrx_word' id='word_1_123' title='bbox 1199 1570 1315 1599; x_wconf 78' lang='lat' dir='ltr'>Thules.</span> 
     </span>
     <span class='ocr_line' id='line_1_23' title="bbox 497 1615 1177 1652; baseline 0.001 -10"><span class='ocrx_word' id='word_1_124' title='bbox 497 1615 537 1642; x_wconf 91' lang='lat' dir='ltr'>Os</span> <span class='ocrx_word' id='word_1_125' title='bbox 552 1621 680 1643; x_wconf 88' lang='lat' dir='ltr'>tenerum</span> <span class='ocrx_word' id='word_1_126' title='bbox 695 1615 820 1643; x_wconf 86' lang='lat' dir='ltr'>Aonides</span> <span class='ocrx_word' id='word_1_127' title='bbox 835 1616 874 1643; x_wconf 84' lang='lat' dir='ltr'>sic</span> <span class='ocrx_word' id='word_1_128' title='bbox 887 1616 1043 1643; x_wconf 83' lang='lat' dir='ltr'>formavere</span> <span class='ocrx_word' id='word_1_129' title='bbox 1057 1615 1177 1652; x_wconf 84' lang='lat' dir='ltr'>puellae,</span> 
     </span>
    </p>

    <p class='ocr_par' dir='ltr' id='par_1_13' title="bbox 497 1661 1112 1698">
     <span class='ocr_line' id='line_1_24' title="bbox 497 1661 1112 1698; baseline 0 -10"><span class='ocrx_word' id='word_1_130' title='bbox 497 1661 542 1688; x_wconf 85' lang='lat' dir='ltr'>Sic</span> <span class='ocrx_word' id='word_1_131' title='bbox 558 1661 644 1688; x_wconf 83' lang='lat' dir='ltr'>Graio</span> <span class='ocrx_word' id='word_1_132' title='bbox 657 1661 761 1698; x_wconf 88' lang='lat' dir='ltr'>pariter</span> <span class='ocrx_word' id='word_1_133' title='bbox 775 1661 858 1689; x_wconf 88' lang='lat' dir='ltr'>melle</span> <span class='ocrx_word' id='word_1_134' title='bbox 872 1661 987 1689; x_wconf 82' lang='lat' dir='ltr'>illevere</span> <span class='ocrx_word' id='word_1_135' title='bbox 1001 1661 1112 1694; x_wconf 80' lang='lat' dir='ltr'>labella,</span> 
     </span>
    </p>

    <p class='ocr_par' dir='ltr' id='par_1_14' title="bbox 500 1706 1092 1744">
     <span class='ocr_line' id='line_1_25' title="bbox 500 1706 1092 1744; baseline 0 -10"><span class='ocrx_word' id='word_1_136' title='bbox 500 1706 615 1734; x_wconf 80' lang='lat' dir='ltr'>Pectora</span> <span class='ocrx_word' id='word_1_137' title='bbox 631 1707 754 1734; x_wconf 87' lang='lat' dir='ltr'>Romano</span> <span class='ocrx_word' id='word_1_138' title='bbox 767 1707 806 1734; x_wconf 87' lang='lat' dir='ltr'>sic</span> <span class='ocrx_word' id='word_1_139' title='bbox 820 1708 972 1744; x_wconf 88' lang='lat' dir='ltr'>implevere</span> <span class='ocrx_word' id='word_1_140' title='bbox 985 1717 1092 1740; x_wconf 86' lang='lat' dir='ltr'>sonore,</span> 
     </span>
    </p>

    <p class='ocr_par' dir='ltr' id='par_1_15' title="bbox 499 1752 1302 1926">
     <span class='ocr_line' id='line_1_26' title="bbox 502 1752 1220 1788; baseline 0.001 -8"><span class='ocrx_word' id='word_1_141' title='bbox 502 1752 544 1780; x_wconf 91' lang='lat' dir='ltr'>Ut</span> <span class='ocrx_word' id='word_1_142' title='bbox 559 1758 587 1780; x_wconf 88' lang='lat' dir='ltr'>te</span> <span class='ocrx_word' id='word_1_143' title='bbox 604 1753 700 1785; x_wconf 86' lang='lat' dir='ltr'>Roma,</span> <span class='ocrx_word' id='word_1_144' title='bbox 714 1753 780 1781; x_wconf 87' lang='lat' dir='ltr'>licet</span> <span class='ocrx_word' id='word_1_145' title='bbox 795 1753 939 1781; x_wconf 85' lang='lat' dir='ltr'>Scotorum</span> <span class='ocrx_word' id='word_1_146' title='bbox 953 1753 985 1780; x_wconf 87' lang='lat' dir='ltr'>ad</span> <span class='ocrx_word' id='word_1_147' title='bbox 1002 1752 1096 1781; x_wconf 86' lang='lat' dir='ltr'>littora</span> <span class='ocrx_word' id='word_1_148' title='bbox 1111 1759 1220 1788; x_wconf 82' lang='lat' dir='ltr'>natum,</span> 
     </span>
     <span class='ocr_line' id='line_1_27' title="bbox 499 1798 1170 1836; baseline 0.003 -11"><span class='ocrx_word' id='word_1_149' title='bbox 499 1798 660 1835; x_wconf 77' lang='lat' dir='ltr'>Aequor-eas</span> <span class='ocrx_word' id='word_1_150' title='bbox 674 1799 747 1826; x_wconf 89' lang='lat' dir='ltr'>inter</span> <span class='ocrx_word' id='word_1_151' title='bbox 762 1804 865 1831; x_wconf 88' lang='lat' dir='ltr'>cautes,</span> <span class='ocrx_word' id='word_1_152' title='bbox 880 1804 964 1836; x_wconf 89' lang='lat' dir='ltr'>atque</span> <span class='ocrx_word' id='word_1_153' title='bbox 977 1799 1088 1827; x_wconf 83' lang='lat' dir='ltr'>horrida</span> <span class='ocrx_word' id='word_1_154' title='bbox 1101 1805 1170 1834; x_wconf 84' lang='lat' dir='ltr'>cete,</span> 
     </span>
     <span class='ocr_line' id='line_1_28' title="bbox 501 1844 1302 1881; baseline 0.004 -10"><span class='ocrx_word' id='word_1_155' title='bbox 501 1844 648 1881; x_wconf 84' lang='lat' dir='ltr'>Tanquam</span> <span class='ocrx_word' id='word_1_156' title='bbox 663 1844 731 1872; x_wconf 86' lang='lat' dir='ltr'>urbe</span> <span class='ocrx_word' id='word_1_157' title='bbox 745 1844 774 1871; x_wconf 92' lang='lat' dir='ltr'>in</span> <span class='ocrx_word' id='word_1_158' title='bbox 789 1844 880 1872; x_wconf 88' lang='lat' dir='ltr'>media</span> <span class='ocrx_word' id='word_1_159' title='bbox 894 1845 982 1872; x_wconf 90' lang='lat' dir='ltr'>civem</span> <span class='ocrx_word' id='word_1_160' title='bbox 997 1845 1049 1872; x_wconf 84' lang='lat' dir='ltr'>sibi</span> <span class='ocrx_word' id='word_1_161' title='bbox 1063 1845 1187 1873; x_wconf 87' lang='lat' dir='ltr'>vindicet</span> <span class='ocrx_word' id='word_1_162' title='bbox 1200 1851 1302 1874; x_wconf 88' lang='lat' dir='ltr'>ortum.</span> 
     </span>
     <span class='ocr_line' id='line_1_29' title="bbox 500 1889 1190 1926; baseline 0.003 -10"><span class='ocrx_word' id='word_1_163' title='bbox 500 1889 571 1917; x_wconf 81' lang='lat' dir='ltr'>Inde</span> <span class='ocrx_word' id='word_1_164' title='bbox 585 1895 679 1917; x_wconf 87' lang='lat' dir='ltr'>autem</span> <span class='ocrx_word' id='word_1_165' title='bbox 694 1890 787 1926; x_wconf 83' lang='lat' dir='ltr'>magni</span> <span class='ocrx_word' id='word_1_166' title='bbox 801 1895 830 1917; x_wconf 91' lang='lat' dir='ltr'>te</span> <span class='ocrx_word' id='word_1_167' title='bbox 845 1890 964 1917; x_wconf 83' lang='lat' dir='ltr'>Mantua</span> <span class='ocrx_word' id='word_1_168' title='bbox 978 1890 1049 1917; x_wconf 88' lang='lat' dir='ltr'>clara</span> <span class='ocrx_word' id='word_1_169' title='bbox 1065 1891 1190 1918; x_wconf 83' lang='lat' dir='ltr'>Maronis</span> 
     </span>
    </p>

    <p class='ocr_par' dir='ltr' id='par_1_16' title="bbox 498 1935 1286 2109">
     <span class='ocr_line' id='line_1_30' title="bbox 498 1935 1217 1973; baseline 0 -10"><span class='ocrx_word' id='word_1_170' title='bbox 498 1935 516 1963; x_wconf 82' lang='lat' dir='ltr'>J</span> <span class='ocrx_word' id='word_1_171' title='bbox 521 1943 582 1963; x_wconf 85' lang='lat' dir='ltr'>uret</span> <span class='ocrx_word' id='word_1_172' title='bbox 596 1936 683 1973; x_wconf 87' lang='lat' dir='ltr'>stirpe</span> <span class='ocrx_word' id='word_1_173' title='bbox 699 1941 800 1968; x_wconf 87' lang='lat' dir='ltr'>satum,</span> <span class='ocrx_word' id='word_1_174' title='bbox 815 1941 843 1963; x_wconf 87' lang='lat' dir='ltr'>at</span> <span class='ocrx_word' id='word_1_175' title='bbox 857 1941 952 1963; x_wconf 81' lang='lat' dir='ltr'>contra</span> <span class='ocrx_word' id='word_1_176' title='bbox 966 1935 1076 1963; x_wconf 79' lang='lat' dir='ltr'>Vei-ona</span> <span class='ocrx_word' id='word_1_177' title='bbox 1091 1936 1196 1964; x_wconf 86' lang='lat' dir='ltr'>Catulli</span> <span class='ocrx_word' id='word_1_178' title='bbox 1209 1947 1217 1969; x_wconf 89' lang='lat'>;</span> 
     </span>
     <span class='ocr_line' id='line_1_31' title="bbox 500 1981 1286 2018; baseline 0.004 -10"><span class='ocrx_word' id='word_1_179' title='bbox 500 1981 616 2009; x_wconf 84' lang='lat' dir='ltr'>Asserat</span> <span class='ocrx_word' id='word_1_180' title='bbox 631 1981 696 2008; x_wconf 90' lang='lat' dir='ltr'>hinc</span> <span class='ocrx_word' id='word_1_181' title='bbox 711 1981 881 2013; x_wconf 89' lang='lat' dir='ltr'>Venusinus,</span> <span class='ocrx_word' id='word_1_182' title='bbox 896 1986 924 2008; x_wconf 89' lang='lat' dir='ltr'>et</span> <span class='ocrx_word' id='word_1_183' title='bbox 938 1981 1003 2008; x_wconf 88' lang='lat' dir='ltr'>hinc</span> <span class='ocrx_word' id='word_1_184' title='bbox 1019 1981 1161 2018; x_wconf 79' lang='lat' dir='ltr'>Pelignus,</span> <span class='ocrx_word' id='word_1_185' title='bbox 1177 1988 1205 2010; x_wconf 80' lang='lat' dir='ltr'>et</span> <span class='ocrx_word' id='word_1_186' title='bbox 1219 1983 1286 2011; x_wconf 85' lang='lat' dir='ltr'>inde</span> 
     </span>
     <span class='ocr_line' id='line_1_32' title="bbox 501 2026 1261 2063; baseline 0.003 -9"><span class='ocrx_word' id='word_1_187' title='bbox 501 2026 628 2054; x_wconf 87' lang='lat' dir='ltr'>Corduba</span> <span class='ocrx_word' id='word_1_188' title='bbox 641 2031 670 2054; x_wconf 88' lang='lat' dir='ltr'>te</span> <span class='ocrx_word' id='word_1_189' title='bbox 684 2031 802 2063; x_wconf 82' lang='lat' dir='ltr'>repetat,</span> <span class='ocrx_word' id='word_1_190' title='bbox 817 2031 925 2063; x_wconf 84' lang='lat' dir='ltr'>repetat</span> <span class='ocrx_word' id='word_1_191' title='bbox 940 2036 1048 2063; x_wconf 91' lang='lat' dir='ltr'>quoque</span> <span class='ocrx_word' id='word_1_192' title='bbox 1063 2027 1174 2055; x_wconf 84' lang='lat' dir='ltr'>Bilbilis</span> <span class='ocrx_word' id='word_1_193' title='bbox 1188 2028 1261 2056; x_wconf 87' lang='lat' dir='ltr'>inde.</span> 
     </span>
     <span class='ocr_line' id='line_1_33' title="bbox 500 2071 1214 2109; baseline 0.003 -10"><span class='ocrx_word' id='word_1_194' title='bbox 500 2073 542 2100; x_wconf 93' lang='lat' dir='ltr'>At</span> <span class='ocrx_word' id='word_1_195' title='bbox 557 2078 649 2099; x_wconf 86' lang='lat' dir='ltr'>vatem</span> <span class='ocrx_word' id='word_1_196' title='bbox 664 2072 772 2099; x_wconf 87' lang='lat' dir='ltr'>interea</span> <span class='ocrx_word' id='word_1_197' title='bbox 786 2071 995 2104; x_wconf 83' lang='lat' dir='ltr'>Buchananum,</span> <span class='ocrx_word' id='word_1_198' title='bbox 1011 2072 1112 2105; x_wconf 76' lang='lat' dir='ltr'>scotia,</span> <span class='ocrx_word' id='word_1_199' title='bbox 1124 2073 1214 2109; x_wconf 83' lang='lat' dir='ltr'>jactes</span> 
     </span>
    </p>

    <p class='ocr_par' dir='ltr' id='par_1_17' title="bbox 503 2116 1103 2148">
     <span class='ocr_line' id='line_1_34' title="bbox 503 2116 1103 2148; baseline 0.002 -4"><span class='ocrx_word' id='word_1_200' title='bbox 503 2117 569 2144; x_wconf 92' lang='lat' dir='ltr'>Una</span> <span class='ocrx_word' id='word_1_201' title='bbox 582 2124 674 2148; x_wconf 88' lang='lat' dir='ltr'>tunm,</span> <span class='ocrx_word' id='word_1_202' title='bbox 689 2117 758 2144; x_wconf 86' lang='lat' dir='ltr'>felix</span> <span class='ocrx_word' id='word_1_203' title='bbox 772 2117 860 2144; x_wconf 88' lang='lat' dir='ltr'>tantis</span> <span class='ocrx_word' id='word_1_204' title='bbox 874 2116 1012 2145; x_wconf 79' lang='lat' dir='ltr'>natalibus</span> <span class='ocrx_word' id='word_1_205' title='bbox 1026 2127 1081 2145; x_wconf 85' lang='lat' dir='ltr'>una</span> <span class='ocrx_word' id='word_1_206' title='bbox 1096 2129 1103 2145; x_wconf 79' lang='lat' dir='ltr'>z</span> 
     </span>
    </p>

    <p class='ocr_par' dir='ltr' id='par_1_18' title="bbox 500 2162 1224 2294">
     <span class='ocr_line' id='line_1_35' title="bbox 502 2162 1192 2201; baseline 0.004 -12"><span class='ocrx_word' id='word_1_207' title='bbox 502 2163 596 2190; x_wconf 87' lang='lat' dir='ltr'>Macte</span> <span class='ocrx_word' id='word_1_208' title='bbox 611 2172 720 2199; x_wconf 90' lang='lat' dir='ltr'>quoque</span> <span class='ocrx_word' id='word_1_209' title='bbox 734 2162 839 2199; x_wconf 87' lang='lat' dir='ltr'>ingenii</span> <span class='ocrx_word' id='word_1_210' title='bbox 854 2167 932 2190; x_wconf 87' lang='lat' dir='ltr'>tanta</span> <span class='ocrx_word' id='word_1_211' title='bbox 945 2163 1061 2196; x_wconf 84' lang='lat' dir='ltr'>virtute,</span> <span class='ocrx_word' id='word_1_212' title='bbox 1078 2164 1192 2201; x_wconf 71' lang='lat' dir='ltr'>Georgi,</span> 
     </span>
     <span class='ocr_line' id='line_1_36' title="bbox 500 2208 1160 2246; baseline 0.003 -11"><span class='ocrx_word' id='word_1_213' title='bbox 500 2208 667 2241; x_wconf 82' lang='lat' dir='ltr'>Aeternum,</span> <span class='ocrx_word' id='word_1_214' title='bbox 683 2213 712 2236; x_wconf 92' lang='lat' dir='ltr'>et</span> <span class='ocrx_word' id='word_1_215' title='bbox 727 2208 803 2236; x_wconf 84' lang='lat' dir='ltr'>Latii</span> <span class='ocrx_word' id='word_1_216' title='bbox 816 2208 911 2245; x_wconf 91' lang='lat' dir='ltr'>spoliis</span> <span class='ocrx_word' id='word_1_217' title='bbox 924 2215 1037 2237; x_wconf 88' lang='lat' dir='ltr'>ornatus</span> <span class='ocrx_word' id='word_1_218' title='bbox 1051 2210 1160 2246; x_wconf 87' lang='lat' dir='ltr'>opimis,</span> 
     </span>
     <span class='ocr_line' id='line_1_37' title="bbox 505 2254 1224 2294; baseline 0.004 -13"><span class='ocrx_word' id='word_1_219' title='bbox 505 2254 669 2292; x_wconf 87' lang='lat' dir='ltr'>Invidiaque</span> <span class='ocrx_word' id='word_1_220' title='bbox 682 2255 757 2282; x_wconf 88' lang='lat' dir='ltr'>omni</span> <span class='ocrx_word' id='word_1_221' title='bbox 772 2255 865 2291; x_wconf 84' lang='lat' dir='ltr'>major,</span> <span class='ocrx_word' id='word_1_222' title='bbox 881 2255 1058 2287; x_wconf 86' lang='lat' dir='ltr'>Buchanane,</span> <span class='ocrx_word' id='word_1_223' title='bbox 1074 2256 1224 2294; x_wconf 86' lang='lat' dir='ltr'>triumpha.</span> 
     </span>
    </p>
   </div>
  </div>
 </body>
</html>
