1861 2682
247 259 307 287 149.
616 257 841 288 HISTORIA
865 256 1225 287 ECCLESIASTICA

706 402 740 434 S.
768 400 1011 434 CONANUS.
1063 403 1144 433 243.

253 517 286 549 S.
306 516 507 553 CONANIJS⁵
525 513 712 546 monachus
738 517 771 545 et
797 512 987 555 presbyter,
1010 521 1100 543 unus
1124 522 1142 543 e
1167 511 1345 544 duodecim
1371 511 1439 544 illis
1465 518 1600 554 aposto-

252 573 325 605 licis
345 572 429 603 viris
448 570 508 614 qui
530 569 735 613 magistrum
759 567 1011 600 columbanum
1033 567 1075 598 de
1098 566 1213 599 Scotia
1233 567 1352 606 secuti,
1380 568 1417 599 in
1441 568 1604 612 Burgun-

253 629 346 660 diam
375 630 617 669 pervenerunt,
648 635 755 666 eoque
780 624 859 655 inde
882 623 1035 664 expulso,
1061 623 1115 654 vel
1138 623 1326 666 evangelici
1349 624 1502 656 muneris
1526 635 1603 656 cum

254 684 322 721 illo,
346 693 406 725 per
429 681 601 718 Aurelios,
626 680 856 715 Turonenses,
880 677 1068 714 Namnetes,
1097 682 1132 709 et
1157 676 1379 716 Parisienses,
1408 679 1604 721 participes,

254 740 307 771 vel
325 739 404 770 hinc
427 737 505 768 inde
529 736 571 767 ad
596 735 812 767 ecclesiarum
837 744 947 771 curaS,
973 744 1012 765 eo
1035 733 1231 771 mandante,
1256 733 1391 775 dilapsi,
1414 738 1454 766 ut
1478 735 1520 766 de
1545 734 1603 766 SS.

254 794 441 836 Sainpsone
459 796 493 823 et
511 790 697 823 Potentino
716 789 807 821 infra
824 789 967 820 dicetur.
1006 788 1074 820 Hic
1092 798 1173 820 vero
1191 799 1235 820 an
1254 789 1443 822 claustrum
1456 789 1603 822 fratrum

254 850 288 881 in
307 848 418 881 Gallia
436 846 624 888 susceperit
640 845 840 888 regendum,
858 855 902 875 an
921 854 998 876 cum
1016 843 1142 876 Sancto
1159 842 1258 876 Gallo
1276 844 1312 876 in
1331 843 1501 877 Helvetiis
1526 845 1606 877 hae-

254 905 347 942 serit,
365 914 408 935 an
426 903 563 934 demum
583 911 660 933 cum
678 900 845 944 magistro
864 899 964 931 Bobii
983 900 1121 937 vixerit,
1140 909 1209 931 non
1223 899 1358 938 definio,
1375 911 1435 933 nec
1449 899 1483 932 S.
1499 900 1605 932 Jonas

254 960 375 991 Scotus
393 957 556 1000 prodidit.

301 1014 400 1046 Vixit
419 1023 508 1046 anno
528 1021 622 1044 DXL.
641 1016 674 1044 et
692 1011 784 1055 quod
802 1011 964 1043 excurrit.
1007 1009 1109 1042 Diem
1128 1021 1197 1043 non
1216 1011 1434 1053 deprehendi.

684 1123 717 1155 S.
744 1121 1050 1155 COLONATUS.
1103 1124 1182 1154 244.

256 1238 289 1270 S.
310 1238 552 1270 COLONATUS
575 1234 861 1279 peregrinationis
886 1233 920 1265 S.
941 1233 1071 1265 Kiliani
1098 1238 1131 1266 et
1157 1234 1316 1276 martyrii
1342 1235 1481 1278 collega.
1505 1234 1603 1268 Joan.

256 1293 472 1338 Capgravius
487 1296 521 1324 et
536 1291 684 1323 Balaeus
698 1289 907 1333 Sudovolga,
925 1293 1070 1331 uterque
1087 1288 1236 1332 Anglus,
1249 1289 1307 1321 ille
1320 1290 1423 1321 etiam
1437 1295 1604 1332 apostata,

255 1353 411 1382 sanctum
429 1348 521 1379 hunc
539 1347 653 1378 virum
672 1344 856 1377 honorifice
881 1345 1096 1386 compellant,
1118 1354 1178 1376 nec
1201 1354 1326 1376 nornen
1351 1345 1426 1388 ejus
1450 1346 1486 1378 in
1511 1345 1604 1378 Mar-

255 1404 450 1447 tyrologi03
478 1402 638 1434 existimo
664 1410 746 1443 ergo
771 1400 886 1442 plures
912 1399 1004 1431 illius
1032 1399 1190 1442 martyrii
1217 1400 1324 1432 socios
1353 1400 1471 1438 fuisse,
1501 1412 1604 1443 quam

256 1460 423 1491 hactenus
442 1458 512 1490 sint
529 1456 714 1489 numerati.
767 1454 839 1487 Nec
857 1456 957 1497 plura
980 1455 1020 1486 de
1044 1454 1222 1492 Colonato,
1241 1456 1301 1497 qui
1325 1455 1462 1497 scripsit
1485 1457 1605 1494 multa,

256 1515 315 1547 sed
353 1514 483 1558 injuria
522 1512 686 1554 temporis
723 1516 783 1543 aut
818 1511 1050 1543 studiosorum
1080 1510 1290 1553 negligentia
1324 1511 1510 1552 perierunt,
1545 1522 1607 1544 nec

256 1571 439 1613 quicquam
457 1570 523 1602 nisi
542 1579 667 1600 nomen
684 1572 849 1610 superest.

305 1625 441 1658 Floruit
462 1635 551 1657 anno
571 1632 748 1656 DCXCVII.
775 1634 843 1665 quo
867 1633 886 1654 a
910 1621 1053 1653 Geilana
1077 1632 1154 1653 cum
1178 1621 1345 1665 magistro
1370 1626 1422 1653 est
1445 1622 1605 1655 interem-

256 1685 348 1723 ptus.
400 1680 535 1713 Colitur
560 1680 615 1712 die
633 1688 733 1711 XVII.
762 1678 894 1716 Martii,
919 1682 960 1709 ut
984 1687 1026 1708 ex
1050 1676 1213 1709 Annalib.
1238 1675 1416 1709 Artimani
1446 1678 1605 1710 monachi

259 1736 390 1780 colligit
405 1736 529 1768 Petrus
544 1735 756 1772 Galesinius3
776 1734 834 1765 sed
851 1743 938 1775 quae
956 1733 1001 1764 sit
1019 1743 1058 1764 ea
1075 1732 1363 1770 commemoratio,
1383 1732 1514 1775 ignoro.
1546 1732 1605 1765 Vi-

258 1792 299 1823 de
317 1791 489 1823 Uvionem
503 1791 562 1822 lib.
580 1799 637 1822 111.
653 1789 755 1833 Ligu.
768 1788 870 1822 Vitae
883 1799 961 1832 pag.
979 1796 1135 1820 LXXVII.
1179 1786 1350 1819 Baronius
1368 1787 1541 1820 illustriss.
1562 1789 1604 1821 ad

259 1846 488 1890 Martyrolog.
509 1846 607 1879 Rom⁴

657 1956 691 1989 S.
719 1954 1065 1990 COLUMBANUS.
1119 1957 1198 1987 245.

261 2070 294 2101 S.
324 2070 611 2106 COLUMBANUS,
641 2068 713 2100 sive
743 2065 942 2104 Columbus,
973 2070 1033 2098 aut
1067 2065 1245 2104 Columba,
1275 2076 1315 2098 ea
1343 2066 1434 2098 enim
1464 2066 1604 2099 nomina

262 2124 441 2157 confundit
459 2124 554 2156 Beda
579 2123 638 2156 lib.
659 2131 717 2154 111.
746 2121 931 2153 Historiar.
961 2132 1033 2164 cap.
1062 2130 1112 2154 IV.
1141 2130 1237 2154 xxv,
1267 2132 1310 2154 ex
1339 2121 1542 2160 VValafrido,
1571 2128 1604 2154 et

263 2181 298 2212 in
316 2180 463 2222 epitome
480 2190 570 2211 anno
589 2186 711 2210 DLXV.
739 2176 865 2208 Baron.
891 2178 933 2209 ad
956 2177 1046 2210 diem
1066 2186 1119 2209 IX.
1138 2176 1161 2209 J
1163 2177 1236 2209 unii
1254 2177 1290 2209 in
1308 2177 1492 2221 Martyrol.
1516 2178 1606 2210 inter

262 2235 494 2268 sanctissimos
512 2235 623 2278 gentis
638 2238 775 2266 nostrae
789 2233 986 2265 censendus.
1022 2232 1136 2266 Multa
1153 2231 1326 2277 [scripsit]
1342 2233 1489 2277 eleganti
1503 2233 1602 2274 stylo,

264 2292 309 2323 ait
325 2290 496 2323 Gesnerus
514 2294 685 2322 correctus
703 2289 739 2321 in
758 2288 982 2327 Bibliotheca,
1001 2288 1214 2321 nobilissima
1230 2289 1337 2332 stirpe
1355 2288 1542 2325 oriundus;
1569 2291 1603 2319 et
