1861 2682
1532 245 1549 272 20

1554 245 1592 274 Ξ

584 245 754 277 GENTIS
779 244 1049 281 SCOTORUM,
1074 243 1160 274 LIB.
1187 243 1243 273 lv,

670 428 673 429 γ
691 391 996 425 DEMETRIUS.
1048 393 1128 427 397.

238 505 490 542 DEMETRIUS,
512 505 758 548 grammaticus
777 504 931 542 illustris,
955 515 997 536 ex
1019 502 1204 535 Britannia
1230 502 1378 534 Romam
1404 500 1588 544 profectus,

238 559 414 593 florentem
443 561 522 592 inde
550 560 586 592 in
616 560 794 592 Graeciam
822 560 967 604 trajecit,
993 563 1027 591 et
1052 558 1205 600 Delphos
1230 557 1415 601 profectus,
1441 557 1588 599 indeque

236 616 376 648 domum
403 616 515 648 rediit.
569 615 611 647 In
638 616 889 648 mathematicis
915 615 1152 648 doctissimum
1180 614 1287 646 fuisse
1312 618 1480 646 memorat
1507 614 1586 645 Plu-

237 671 377 703 tarchus
396 671 510 703 libello
527 671 568 703 de
587 671 813 703 Oraculorum
838 671 994 710 Defectu,
1018 671 1076 703 ubi
1101 681 1178 702 eum
1205 670 1319 702 virum
1346 675 1503 702 sanctum
1530 679 1588 711 ap-

236 727 350 768 pellat,
365 723 453 771 ἅνδςα
466 724 514 759 τὸν
529 726 626 769 ἅγιον.
661 727 805 769 Scripsit
819 728 939 765 multa,
954 738 1033 759 nam
1048 727 1121 770 ejus
1136 726 1342 758 auctoritate
1360 736 1460 768 saepe
1475 725 1588 758 utitur

236 781 447 815 Plutarchus
468 784 581 821 idem;
614 783 698 815 illud
717 788 831 815 tamen
849 783 1066 825 potissimum
1087 781 1238 824 putarim
1256 781 1528 819 memorandum,

379 838 432 870 De
451 838 610 870 Lucerna
627 838 794 880 Delphica
812 844 930 870 contra
948 838 1206 870 Cleombrotum
1294 837 1353 870 lib.
1374 845 1398 868 1.

284 892 419 925 Floruit
437 905 527 926 anno
541 895 661 926 salutis
677 902 739 925 CX.
759 898 819 925 aut
837 894 943 935 prius,
958 893 1119 937 Galgaoe,
1138 893 1236 936 cujus
1255 892 1399 924 Tacitus
1419 892 1586 930 meminit,

235 954 295 981 aut
313 948 433 988 Galdo,
455 949 565 982 Scotis
584 951 786 991 imperante.
839 949 907 981 Hic
930 950 965 980 in
989 959 1064 980 meo
1087 949 1220 990 peculio
1238 948 1438 985 censendus,
1457 951 1587 979 certent

234 1005 354 1048 Angli.

626 1115 876 1148 GEORGIUS
902 1115 1070 1148 DULIE.
1123 1117 1202 1151 398.

233 1226 439 1258 GEORGIUS
456 1225 594 1263 Dulius,
613 1227 768 1258 sacerdos
787 1226 996 1264 Catholicus,
1014 1225 1135 1258 fictitio
1151 1226 1290 1259 nomine
1307 1226 1355 1258 sic
1373 1226 1495 1264 dictus,
1513 1227 1588 1268 plu-

234 1282 321 1313 rima
339 1281 446 1313 bonae
464 1281 576 1324 frugis
594 1282 630 1313 in
650 1281 771 1325 Belgio
790 1281 1004 1323 Antverpiae
1022 1281 1150 1320 edidit3
1182 1282 1241 1313 sed
1259 1292 1322 1325 ego
1340 1282 1411 1314 vidi
1428 1286 1564 1314 tantum

377 1336 632 1369 Catechismum
1091 1337 1149 1369 lib.
1170 1346 1252 1368 XIV.

376 1392 615 1425 Assertionem
634 1392 831 1425 Catholicae
849 1392 1017 1426 Veritatis
1091 1393 1151 1425 lib.
1171 1401 1222 1425 lv.

280 1448 379 1481 Obiit
397 1458 466 1480 non
483 1448 533 1480 ita
550 1448 696 1490 pridem.

525 1559 733 1592 THOMAS
758 1559 1159 1593 DUNDRANENSIS.
1211 1563 1291 1597 399.

233 1671 416 1709 THOMAS,
434 1670 539 1703 abbas
556 1670 831 1709 Dundranensis,
849 1682 910 1704 seu
928 1671 1143 1710 Dundraina,
1162 1677 1202 1705 ut
1220 1673 1334 1716 inquit
1352 1673 1582 1707 Demochares

233 1738 310 1770 pag.
331 1735 365 1758 L.
390 1737 468 1758 cum
493 1727 642 1759 multum
661 1727 903 1759 dissentiretur
921 1727 957 1759 in
975 1728 1117 1760 coneilio
1137 1728 1394 1762 Constantiensi
1414 1730 1456 1762 de
1473 1731 1586 1774 legiti-

234 1794 289 1814 mo
317 1781 477 1824 pontifice
507 1782 675 1826 eligendo,
706 1793 797 1814 unus
827 1783 894 1815 fuit
920 1794 963 1815 ex
987 1793 1047 1815 sex
1073 1783 1133 1816 SS.
1161 1785 1354 1829 theologiae
1379 1785 1586 1823 doctoribus,

233 1839 293 1880 qui
322 1838 495 1870 illustriss.
525 1838 756 1870 cardinalibus
779 1839 963 1882 conjuncti,
990 1840 1197 1881 apostolicae
1223 1841 1294 1872 sedi
1321 1845 1434 1883 caput,
1459 1841 1587 1874 Roma-

234 1903 317 1925 num
335 1893 526 1925 maximum
544 1894 714 1936 optimum
733 1894 927 1936 pontificem
946 1895 1123 1938 eligerent.
1171 1896 1375 1938 Onuphrius
1398 1896 1584 1936 Panvinus,

233 1949 291 1990 qui
310 1948 455 1990 pessime
473 1949 571 1980 illum
589 1947 632 1981 de
648 1947 851 1982 Domlruno
868 1955 978 1982 vocat.
1021 1950 1074 1982 De
1092 1962 1131 1983 eo
1149 1952 1197 1984 sic
1215 1951 1237 1983 J
1240 1962 1366 1984 oannes
1385 1952 1584 1985 Gualterius

233 2004 404 2036 Chronico
428 2003 676 2036 Chronicorum
699 2005 826 2048 pagina
846 2014 909 2037 DV.
936 2011 969 2038 et
992 2017 1131 2039 rursum
1154 2008 1252 2039 illum
1276 2007 1433 2040 abbatem
1458 2007 1586 2040 Cister-

234 2059 391 2096 ciensem,
410 2058 474 2090 sub
492 2058 646 2092 Candida
664 2060 762 2097 Casa,
781 2062 913 2100 asserit,
931 2073 1010 2106 pag.
1031 2071 1132 2095 Dux.
1185 2062 1330 2105 Scripsit

377 2113 430 2146 De
448 2114 638 2147 Schismate
655 2116 855 2158 deponendo
1147 2119 1205 2151 lib.
1226 2128 1250 2151 1.

378 2169 432 2202 De
451 2170 617 2202 Pontifice
635 2171 792 2214 eligendo
1144 2175 1203 2207 lib.
1224 2183 1247 2206 1.

378 2225 469 2258 Acta
488 2225 632 2258 Concilii
651 2226 926 2260 Constantiensis
1142 2230 1200 2263 lib.
1221 2239 1245 2263 Ι.

282 2280 430 2314 Vivebat
448 2292 538 2314 anno
558 2290 612 2314 MC
620 2290 791 2314 DXXXIX.
1016 2291 1019 2295 ·
