1861 2682
288 282 348 311 154
657 282 883 313 HISTORIA
907 281 1271 313 ECCLESIASTICA

290 372 383 405 Hinc
409 373 582 406 Osualdus
610 384 668 405 rex
695 383 756 415 per
780 373 911 416 legatos
937 383 957 403 a
982 371 1185 403 Donevaldo
1217 372 1398 404 Scotorum
1431 381 1510 415 rege
1541 373 1640 414 petiit

289 434 328 462 ut
347 429 457 461 labem
476 429 693 472 gentilitatis,
716 439 819 470 quam
838 428 1042 459 invexerant
1060 426 1199 458 Ofricus
1218 431 1252 459 et
1266 426 1443 458 Eufredus
1462 437 1570 470 reges,
1584 428 1641 469 pia

287 485 541 526 praedicatione
560 488 763 528 extergeret.
817 483 883 515 Sed
911 486 931 501 “
949 492 1026 514 cum
1045 481 1239 514 Cormanus
1258 481 1368 514 bonus
1386 482 1441 514 vir
1457 486 1556 520 esset,
1583 484 1641 515 secl

289 540 455 582 asperiori
470 540 610 584 ingenio
623 540 830 582 praeditus,”
843 543 883 572 ut
896 549 938 571 ex
953 537 1049 570 Beda
1062 537 1217 579 loquitur
1230 537 1434 569 Franciscus
1449 536 1641 571 Godwinus

289 597 329 628 de
349 596 501 628 Praesul.
522 595 706 639 Anglican.
726 606 758 637 p.
779 604 819 627 11.
839 605 917 638 pag.
934 602 1014 626 XCI.
1030 593 1102 624 sive
1117 596 1137 610 ‘⁶
1149 593 1240 634 quod
1256 603 1378 625 arcana
1397 592 1462 625 Dei
1481 593 1642 626 sublimia

288 662 414 695 magno
432 651 616 683 verborum
634 651 792 692 strepitu,
811 650 853 682 ad
871 649 1136 682 ostentationem
1155 649 1270 690 potius
1297 649 1426 692 ingenii
1452 660 1557 691 quam
1585 660 1642 681 au-

288 708 439 740 ditorum
457 706 597 738 rudium
614 706 801 738 utilitatem
819 706 1001 749 ingereret,
1019 709 1059 736 ut
1076 715 1137 736 nec
1156 704 1263 737 bonos
1285 715 1397 737 mores
1421 705 1641 738 concionibus

287 763 358 796 suis
376 762 563 799 induceret,
577 771 639 792 nec
656 761 699 792 ad
713 761 929 803 suscipienda
943 759 1021 792 fidei
1034 760 1135 792 initia
1148 760 1280 793 animos
1294 760 1530 793 blandioribus
1544 771 1641 803 prae-

287 818 393 860 ceptis
405 817 583 854 molliret,''
601 817 638 848 in
649 816 797 859 patriam
813 827 848 848 re
860 816 987 848 infecta
1003 815 1116 853 rediit,
1131 816 1184 848 cui
1199 826 1372 848 successor
1387 815 1546 848 Aidanus
1561 816 1641 849 mis-

286 885 344 906 sus
362 877 471 905 totam
490 872 666 916 regionem
684 872 726 904 ad
745 871 924 904 Christum
942 872 1124 910 convertit,
1142 876 1182 904 ut
1207 872 1265 904 lib.
1282 881 1306 904 1.
1333 883 1438 914 supra
1455 871 1519 904 hoc
1537 883 1639 914 opere

286 929 397 967 docui,
427 933 461 960 et
491 929 710 960 consentiunt
741 928 918 960 annalium
947 929 1156 960 nostratium
1187 929 1382 971 scriptores,
1414 939 1476 960 nec
1512 929 1641 961 dissen-

286 986 379 1017 tiunt
397 984 549 1028 Anglici.
580 984 741 1026 Polydor.
761 983 932 1027 Virgilius
950 983 1008 1016 lib.
1025 993 1076 1016 1V.
1096 995 1174 1028 pag.
1196 993 1340 1016 LXXXI.
1355 985 1414 1027 qui
1433 984 1474 1016 de
1492 983 1641 1022 Aidano,

286 1045 319 1073 et
337 1041 491 1073 Osualdo
508 1051 588 1084 rege
606 1050 667 1082 per
693 1050 783 1078 eum,
809 1040 892 1071 dum
916 1040 952 1071 in
979 1039 1094 1072 Scotia
1119 1041 1285 1078 exularet,
1314 1039 1513 1072 Christiano
1539 1038 1641 1078 facto,

285 1097 326 1129 de
344 1097 517 1130 Cormano
535 1096 632 1134 nihil,
651 1096 703 1128 uti
727 1106 788 1128 nec
806 1095 1006 1128 Matthaeus
1032 1095 1416 1128 westmonasteriensis
1442 1095 1485 1127 ad
1511 1106 1642 1127 annum

287 1161 467 1185 DCXXXV.
496 1156 516 1170 “
539 1151 713 1184 Osualdus
740 1162 885 1195 regnum
913 1151 1304 1184 Northanhumbrorum
1330 1152 1505 1194 integrum
1536 1151 1642 1184 susci-

285 1209 392 1251 piens,
413 1213 452 1240 ut
471 1207 571 1240 fidem
590 1212 732 1251 augeret
749 1208 785 1239 in
803 1218 909 1251 regno
927 1218 1000 1245 suo,
1027 1207 1123 1240 misit
1148 1208 1184 1239 in
1210 1207 1361 1240 Scotiam
1387 1207 1448 1239 ubi
1474 1208 1641 1245 exularat,

286 1269 319 1298 et
337 1265 467 1306 accepit
483 1263 679 1307 pontificem
694 1263 871 1296 Aidanum
890 1273 1035 1306 magnae
1054 1263 1230 1306 religionis
1249 1263 1386 1295 virum:
1413 1262 1567 1295 venienti
1579 1263 1643 1307 igi-

287 1326 344 1353 tur
374 1320 533 1362 episcopo
562 1330 623 1352 rex
650 1319 824 1352 Osualdus
852 1318 966 1350 sedem
994 1318 1219 1360 episcopalem
1247 1319 1283 1350 in
1308 1319 1422 1350 insula
1448 1317 1641 1351 Lindisfar-

288 1377 385 1408 nensi
414 1375 605 1408 concessit:
632 1374 691 1407 ubi
714 1374 823 1418 igitur
839 1373 922 1405 fides
948 1374 1060 1416 coepit
1085 1373 1234 1411 dilatari,
1260 1374 1406 1417 contigit
1431 1378 1471 1406 ut
1496 1385 1643 1418 evange-

287 1433 414 1464 lizante
431 1430 580 1469 Aidano,
600 1430 661 1473 qui
678 1429 866 1473 Anglicum
884 1429 1031 1471 perfecte
1049 1439 1119 1462 11011
1136 1435 1290 1467 noverat,
1308 1429 1381 1471 ipse
1399 1439 1461 1461 rex
1485 1429 1557 1461 suis
1581 1429 1641 1462 du-

286 1489 381 1521 cibus
399 1492 433 1520 et
456 1487 624 1519 ministris
650 1487 819 1529 interpres
845 1485 1018 1523 existeret,
1044 1486 1147 1529 longo
1173 1485 1264 1517 enim
1290 1485 1383 1517 exilii
1410 1485 1464 1517 sui
1488 1489 1642 1527 tempore

287 1545 440 1588 linguam
460 1542 640 1575 Scotorum
658 1543 757 1584 plene
774 1542 949 1574 didicerat.
976 1541 1061 1573 Inde
1079 1541 1235 1584 contigit,
1261 1545 1300 1572 ut
1326 1540 1408 1572 fides
1434 1540 1518 1573 adeo
1544 1540 1640 1573 brevi

287 1604 461 1637 cresceret,
480 1603 519 1631 ut
537 1598 573 1630 in
591 1598 730 1641 regione
747 1598 807 1629 illa
823 1597 1019 1629 incredulus
1045 1597 1160 1629 nullus
1187 1596 1433 1629 inveniretur.''
1483 1595 1532 1629 Ut
1558 1597 1641 1630 haec

285 1655 434 1698 perfecta
452 1666 513 1697 per
530 1654 564 1686 S.
583 1653 771 1690 Aidanum,
789 1653 838 1685 ita
856 1653 1012 1695 incoepta
1029 1663 1090 1695 per
1103 1652 1324 1690 Cormanum,
1340 1662 1442 1694 quem
1457 1653 1640 1695 scriptores

285 1710 436 1754 Anglici,
454 1711 545 1753 quod
563 1711 678 1747 sciam,
696 1720 765 1741 non
783 1708 974 1741 nominant.
1001 1708 1155 1740 Florent.
1182 1707 1401 1752 Vigorniens.
1426 1708 1469 1740 ad
1495 1708 1640 1741 eundem

286 1776 435 1799 annum:
463 1771 482 1785 ‘⁶
501 1766 577 1798 Rex
595 1765 769 1798 Osualdus
786 1764 882 1797 misit
899 1765 942 1796 ad
964 1765 1111 1808 majores
1129 1763 1309 1796 Scotorum
1334 1768 1430 1802 natu,
1456 1768 1575 1806 petens
1601 1769 1641 1797 ut

286 1823 351 1855 sibi
369 1823 565 1855 mitteretur
582 1822 736 1859 antistes,
755 1820 810 1853 cui
827 1820 983 1863 pontifex
999 1820 1125 1852 missus
1143 1823 1195 1852 est
1212 1819 1382 1858 Aidanus,
1400 1830 1461 1862 per
1478 1830 1591 1862 quem,
1606 1824 1640 1852 et

286 1889 347 1921 per
364 1879 477 1921 ipsum
498 1878 725 1910 clarissimum
743 1881 777 1909 et
797 1876 1051 1909 sanctissimum
1069 1886 1184 1919 regem
1203 1874 1407 1913 Osualdum,
1437 1876 1474 1907 in
1499 1875 1639 1917 provin-

286 1935 338 1966 cia
367 1933 605 1966 Berniciorum
636 1933 788 1975 primum
817 1932 985 1964 fundatur
1013 1931 1151 1963 ecclesia
1181 1929 1322 1968 Christi,
1353 1935 1386 1963 et
1412 1931 1639 1964 instituitur.''

288 1989 477 2032 Scripserat
495 1989 687 2021 Cormanus

432 2044 648 2076 Documenta
668 2043 766 2075 Fidei
784 2043 827 2075 ad
844 2041 1170 2075 Northanhumbros
1246 2042 1305 2074 lib.
1326 2051 1349 2073 1.

432 2099 619 2132 Conciones
1248 2097 1306 2129 lib.
1327 2106 1352 2129 1.

433 2154 708 2187 Commentarios
726 2154 762 2185 in
780 2152 974 2196 Scripturas
1248 2153 1306 2185 lib.
1327 2162 1350 2185 1.

431 2210 521 2243 Acta
539 2210 738 2254 Legationis
874 2198 876 2201 v
1245 2208 1302 2241 lib.
1325 2217 1349 2240 1.

337 2267 473 2300 Floruit
491 2276 581 2298 anno
599 2273 753 2298 Dcxxx.
805 2263 940 2297 Colitur
962 2273 1030 2296 x11.
1050 2263 1182 2297 Martii.
