1861 2682
560 275 730 307 GENTIS
754 274 1024 312 SCOTORUM,
1049 275 1135 305 LIB.
1158 276 1182 306 1.
1515 278 1549 305 21

247 369 392 412 Scripsit
409 367 599 406 Adrianus,
617 373 657 400 ut
675 378 717 400 ex
734 366 989 399 Scotichronico
1007 366 1116 410 liquet
1133 366 1191 399 lib.
1212 375 1264 399 Ν.
1284 377 1357 409 cap.
1377 375 1463 399 vui.

342 424 394 457 De
411 423 615 456 Constantia
633 423 831 456 Christiana
1059 422 1117 454 lib.
1138 431 1162 455 Ι.

342 479 394 511 De
415 479 623 512 Humilitate
641 479 683 511 ad
702 477 892 510 Monachos
1063 478 1121 510 lib.
1142 487 1166 510 Ι.

339 535 635 568 Commentarium
653 535 689 566 in
708 532 903 576 Scripturas
1061 533 1120 565 lib.
1140 541 1164 565 Ι.

245 589 457 633 Martyrium
475 600 596 632 passus
614 594 676 628 est,
695 589 876 633 HungarO,
896 587 1035 626 Hubba,
1053 592 1087 620 et
1104 588 1249 621 Gadano
1267 588 1378 622 Danis
1397 589 1548 623 Scotiam

197 647 348 679 violento
361 646 492 687 impetu
505 645 758 684 invadentibus,
774 644 817 677 ad
831 643 1057 676 ulciscendam
1074 643 1251 677 Pictorum
1267 644 1443 689 injuriam,
1458 646 1549 688 quod

198 701 343 744 contigit
360 711 450 732 anno
468 708 713 733 DeceLxxrv.
764 699 904 743 Anglici
923 703 957 732 et
975 698 1101 732 Scotici
1118 699 1283 733 Annales.
1338 700 1474 735 Colitur
1496 701 1551 733 die

199 765 251 789 1v.
270 756 401 794 Martii,
422 764 445 788 1.
463 754 606 798 Aprilis,
626 764 667 788 11.
685 755 851 800 Augusti.

397 865 632 899 ANONYMI
659 866 693 899 S.
720 866 995 899 MARTYRES
1020 875 1080 900 131s
1100 875 1243 900 MILLE.
1298 870 1352 901 18.

198 979 285 1011 Duo
334 978 442 1010 millia
491 977 696 1011 Sanctorum
746 988 998 1020 anonymorum
1048 979 1234 1022 gloriosam
1280 990 1344 1022 pro
1385 980 1550 1024 religione

199 1033 397 1066 Christiana
429 1033 631 1066 sustinenda
662 1037 809 1065 mortem
843 1033 1073 1075 oppetierunt,
1112 1038 1151 1066 ut
1187 1045 1229 1066 ex
1262 1035 1427 1067 relatione
1462 1034 1552 1067 Hec-

198 1089 283 1122 toris
317 1088 455 1121 Boethii
485 1092 630 1127 constat,
661 1088 761 1131 cujus
791 1087 895 1120 verba
929 1089 1087 1130 superius
1121 1089 1268 1122 adducta
1302 1089 1339 1122 in
1372 1089 1406 1122 S.
1438 1088 1552 1122 Adri-

197 1154 286 1176 ano:
318 1143 410 1176 hunc
445 1154 628 1176 numerum
663 1143 773 1186 reperi
810 1154 852 1175 ex
885 1144 1153 1177 revelationibus
1183 1144 1217 1177 S.
1249 1144 1430 1178 Lesmonis
1460 1146 1551 1188 apud

199 1198 412 1231 Richardum
452 1198 623 1230 Brunum.
664 1198 762 1230 Passi
799 1203 883 1231 sunt
917 1209 1008 1231 anno
1048 1207 1293 1233 DCCCLXXIV.
1337 1205 1371 1233 et
1403 1201 1553 1245 gloriosa

200 1253 418 1286 veneratione
467 1252 632 1295 reliquiae
678 1252 816 1285 illorum
858 1254 1060 1286 colebantur
1101 1255 1138 1288 in
1180 1256 1303 1288 celebri
1344 1256 1553 1289 monasterio

200 1309 332 1341 insulae
349 1308 463 1341 Maiae
487 1308 524 1340 in
547 1307 698 1341 Forthae
721 1308 904 1346 aestuario,
929 1309 1021 1351 quod
1046 1309 1163 1342 Fifam
1186 1321 1207 1343 a
1229 1310 1411 1344 Laudonia
1433 1311 1553 1344 dister-

199 1364 318 1397 minat.

587 1475 622 1509 S.
648 1475 730 1509 V11.
756 1474 1056 1509 ANONYMAE.
1109 1477 1163 1511 19.

200 1588 235 1621 S.
262 1587 518 1621 DONEVALDO
544 1586 646 1620 Scoto
670 1586 759 1620 filiae
784 1598 908 1620 novem
931 1587 1037 1620 fuisse
1066 1587 1303 1630 perhibentur,
1334 1599 1451 1623 omnes
1484 1589 1553 1621 vir-

200 1644 357 1688 ginitatis
390 1643 501 1687 gloria
533 1642 708 1681 illustres3
748 1647 782 1676 et
811 1644 847 1675 in
877 1643 1037 1676 divorum
1067 1644 1195 1676 relatae
1224 1654 1418 1683 numerum,
1449 1645 1551 1676 mira-

201 1699 286 1732 culis
311 1699 509 1731 claruerunt
534 1698 622 1730 duae
647 1698 805 1742 majores,
832 1698 973 1731 Mazota
998 1703 1033 1732 et
1055 1698 1230 1738 Fincana;
1254 1700 1467 1743 reliquarum
1492 1710 1550 1732 no-

200 1755 295 1787 mina
310 1754 569 1787 interciderunt.
609 1752 699 1786 Vide
717 1764 804 1796 quae
826 1752 902 1787 fuse
925 1754 997 1787 dixi
1022 1754 1081 1787 lib.
1101 1763 1154 1787 IV.
1172 1755 1236 1788 hoc
1253 1766 1354 1798 opere
1371 1756 1408 1788 in
1433 1753 1551 1788 Doue-

202 1807 314 1842 valdo.

249 1865 460 1898 Floruerunt
476 1875 566 1897 anno
586 1872 747 1897 DCCXVI.
772 1865 971 1898 colebantur
993 1866 1156 1909 reliquiae
1180 1877 1248 1900 non
1266 1868 1367 1910 longe
1384 1865 1551 1899 Alberne-

203 1920 273 1959 tho,
291 1921 386 1965 regia
404 1920 580 1953 Pictorum
597 1920 635 1952 in
652 1919 742 1952 Fifa.

612 2031 646 2063 S.
673 2030 958 2065 ANONYMAE
986 2033 1034 2066 ΙΙ.
1085 2036 1141 2067 20.

203 2143 391 2175 SANCTAE
425 2141 522 2180 duae,
560 2143 833 2186 peregrinatione
870 2145 914 2176 ad
950 2145 1024 2177 loca
1061 2149 1179 2178 sancta
1216 2150 1385 2188 suscepta,
1427 2145 1550 2178 fratres

203 2209 282 2231 suos
319 2202 454 2230 sanctos
495 2196 714 2230 Gunifortem
752 2202 785 2230 et
823 2197 1058 2233 Gunibaldum
1096 2204 1241 2239 secutae,
1289 2201 1325 2232 in
1367 2199 1552 2233 Germania

204 2253 386 2286 crudeliter
411 2252 548 2285 occisae.
598 2252 747 2285 Jacobus
777 2253 946 2287 Guaullus
972 2256 1008 2287 in
1034 2255 1238 2288 Sanctuario
1264 2255 1413 2299 Papiae:
1444 2259 1465 2273 ‘⁶
1490 2254 1550 2287 So-

203 2319 307 2347 rores,
334 2319 458 2353 genere
484 2313 587 2352 atque
611 2307 724 2342 forma
746 2309 927 2352 speciosae,
951 2311 1170 2354 speciosiores
1193 2310 1258 2344 fide
1281 2316 1314 2344 et
1338 2310 1548 2355 virginitatis
