1861 2682
243 267 301 295 188
620 267 844 298 HISTORIA
869 267 1232 299 ECCLESIASTICA

242 362 281 390 ut
299 362 372 390 erat
390 357 503 390 vivaci
522 358 672 402 ingenio,
696 358 856 390 militiam
882 358 1076 390 adolescens
1101 363 1238 391 secutus
1265 359 1494 403 peregrinam,
1521 361 1596 404 ejus

242 414 346 446 etiam
371 413 467 446 brevi
493 413 700 446 conditionis
726 417 914 456 pertaesus,
938 414 974 445 in
1001 413 1151 452 Italiam,
1177 414 1358 446 literarum
1383 415 1594 448 domicilium

242 474 275 501 et
301 469 529 502 humanitatis
557 469 756 506 sacrarium,
785 469 972 507 concessit3
1003 468 1063 500 ubi
1090 467 1212 500 Genua
1237 469 1367 508 relicta,
1395 481 1464 512 qua
1489 471 1595 503 hono-

241 525 333 557 rario
366 525 449 557 satis
484 526 598 567 amplo
632 524 802 557 invitatus
837 524 961 561 fuerat,
995 523 1160 556 Venetias
1194 524 1290 562 abiit,
1326 536 1433 568 eaque
1464 527 1594 570 ingenii

241 581 305 618 sui,
342 586 376 613 et
415 581 459 613 ad
486 584 687 623 portentum
724 580 914 622 stupendae
947 579 1143 618 memoriae,
1181 580 1373 613 incredibili
1410 593 1448 614 ea
1484 586 1596 615 aetate

240 636 383 669 lectione
416 641 450 669 et
479 636 624 680 judicio,
660 640 885 669 monumenta
915 635 1033 673 edidit,
1061 639 1101 667 ut
1129 636 1235 679 vulgo
1264 636 1470 669 miraculum
1504 637 1595 670 orbis

240 696 274 724 et
303 692 474 724 diceretur
505 697 539 724 et
569 695 668 724 esset.
719 691 838 734 Atque
863 691 1094 723 crebrescente
1125 692 1275 724 secunda
1304 692 1364 724 illa
1393 691 1487 725 fama
1516 694 1595 725 inde

242 752 412 786 evocatus,
439 747 605 790 principis
632 747 819 779 Mantuani
845 746 1026 790 juventuti
1057 747 1285 789 praepositus,
1318 747 1361 780 ab
1386 749 1504 781 eodem
1537 759 1596 781 no-

240 810 297 835 ctu
327 803 539 842 interfectus,
575 803 675 846 gravi
705 802 801 835 ducis
831 803 940 845 patris
970 802 1097 841 dolore,
1126 813 1188 835 nec
1218 803 1350 835 minore
1384 804 1594 847 indignatio-

238 870 291 898 ne,
318 869 453 892 summo
477 869 559 891 vero
581 858 646 897 sui,
673 862 707 890 et
729 859 821 901 apud
844 859 935 891 cives
958 869 1049 896 suos,
1076 862 1110 891 et
1136 857 1243 890 Italos
1269 859 1391 891 saltem
1417 860 1594 902 aequiores

240 914 412 947 virtutum
438 914 688 951 aestimatores,
715 914 884 947 desiderio
909 915 1039 947 relicto.
1090 913 1232 946 Amicos
1252 914 1375 947 habuit
1392 916 1593 958 praecipuos

238 969 467 1003 Laurentium
494 969 661 1009 Massam,
692 970 911 1003 scriniarium
940 970 1125 1008 Venetum,
1157 970 1343 1012 Speronem
1375 969 1592 1013 Speronium,

238 1026 297 1068 qui
328 1026 464 1070 egregie
493 1037 571 1058 eum
607 1026 644 1058 in
674 1026 827 1069 epistolis
860 1027 1078 1059 commendat
1107 1026 1151 1058 ad
1175 1037 1253 1058 eum
1282 1027 1430 1069 scriptis,
1462 1026 1593 1059 Aldum

238 1081 449 1120 Manutium,
479 1082 540 1125 qui
570 1081 777 1115 Paradoxon
807 1082 1105 1115 Commentarium
1139 1082 1189 1114 illi
1224 1082 1439 1125 inscripsisse
1473 1083 1592 1127 digna-

237 1142 303 1170 tus·
354 1137 413 1170 Ab
437 1138 539 1170 unico
565 1137 719 1182 Trajano
745 1138 942 1171 Boccalinio
967 1138 1293 1171 maledicentissimo
1317 1140 1406 1171 male
1431 1144 1593 1181 exceptus

236 1199 297 1231 est,
327 1194 386 1226 sed
415 1204 493 1226 cum
522 1194 559 1226 in
589 1205 628 1227 eo
656 1194 795 1227 homine
825 1195 977 1227 scurrilis
1004 1195 1164 1227 dicacitas
1193 1195 1267 1227 sine
1292 1195 1363 1227 ulla
1388 1195 1592 1228 eruditionis

236 1250 390 1282 mixtura
419 1250 475 1288 sit,
503 1250 627 1283 honori
657 1251 723 1283 erit
751 1250 951 1283 Crichtonio
979 1255 1097 1283 nostro
1125 1261 1145 1282 a
1172 1255 1244 1283 tam
1270 1250 1431 1292 imperito
1457 1250 1589 1283 violari.

236 1305 301 1337 Sed
324 1316 546 1350 programma
571 1305 708 1338 Patavii
735 1306 778 1338 ab
803 1306 878 1348 ipso
904 1306 1119 1348 propositum
1146 1306 1324 1343 adducam,
1351 1317 1420 1348 quo
1444 1305 1591 1345 facilius,

236 1365 366 1403 quanta
382 1362 513 1405 ingenii
531 1362 744 1404 praestantia
762 1361 878 1399 fuerit,
897 1361 1123 1405 intelligatur.

381 1421 400 1435 ‘⁶
418 1416 468 1449 Ut
485 1417 527 1449 iis
548 1417 608 1460 qui
632 1417 776 1459 (virtute
802 1428 950 1460 veraque
975 1418 1080 1449 animi
1100 1417 1281 1450 nobilitate
1299 1418 1375 1450 aliis
1393 1419 1592 1460 praelucen-

429 1473 493 1516 tes)
520 1473 605 1505 bene
625 1474 666 1505 de
684 1474 825 1506 virtutis
844 1473 1056 1506 amatoribus
1075 1474 1203 1505 sentire
1221 1479 1486 1512 consueverunt,
1513 1485 1591 1518 gra-

428 1529 494 1561 tias
518 1533 599 1574 agat
616 1529 829 1562 immortales
853 1529 1029 1562 JACOBUS
1052 1528 1273 1561 CRITONIUS
1297 1528 1457 1568 SCOTUS,
1475 1529 1593 1572 profli-

428 1585 587 1629 gatisque
621 1590 655 1618 et
687 1586 831 1628 perditis
866 1585 1065 1618 hominibus
1097 1595 1233 1617 omnem
1264 1585 1491 1628 imposterum
1518 1587 1592 1629 jac-

429 1641 526 1674 tandi
545 1643 755 1674 occasionem
774 1641 919 1681 auferat,
943 1652 1075 1674 errores
1100 1641 1301 1674 Aristotelis
1326 1652 1411 1684 pene
1434 1642 1591 1674 innume-

425 1698 559 1736 rabiles,
579 1702 613 1730 et
631 1698 786 1730 omnium
805 1698 1012 1730 Latinorum
1030 1697 1326 1740 philosophorum,
1352 1697 1426 1729 sive
1447 1708 1524 1730 cum
1549 1699 1591 1730 de

424 1755 532 1796 ipsius
552 1760 666 1786 mente
684 1755 874 1797 disputant,
893 1754 965 1786 sive
988 1765 1066 1786 cum
1089 1764 1142 1786 res
1165 1753 1375 1797 theologicas
1399 1754 1589 1798 attingunt,

425 1815 458 1843 et
476 1811 722 1842 nonnullorum
740 1821 877 1853 quoque
895 1810 1087 1842 matheseos
1109 1808 1354 1853 professorum,
1382 1810 1516 1842 somnia
1540 1821 1589 1842 re-

424 1866 562 1904 futabit,
581 1870 615 1898 et
633 1866 676 1898 ad
695 1865 828 1909 objecta
845 1865 1075 1908 respondebit.

380 1922 538 1955 Liberam
558 1922 600 1954 ad
619 1921 702 1954 haec
719 1922 755 1954 in
773 1922 932 1954 omnibus
951 1920 1154 1963 disciplinis,
1179 1920 1251 1952 sive
1274 1921 1352 1953 illae
1377 1921 1513 1963 publice
1530 1921 1589 1953 do-

423 1978 491 2010 ceri
509 1979 652 2016 soleant,
680 1978 752 2010 sive
775 1977 1038 2020 sapientissimis
1064 1980 1202 2009 tantum
1228 1976 1427 2009 hominibus
1451 1977 1590 2019 perviae

422 2035 503 2072 sint,
524 2033 692 2078 arguendi
711 2033 921 2065 occasionem
940 2033 1009 2064 dat.

377 2090 631 2132 Responsurus,
661 2089 733 2121 sive
763 2088 883 2132 logicis
913 2092 946 2120 et
977 2087 1149 2120 consuetis
1186 2088 1478 2130 responsionibus,
1516 2089 1588 2121 sive

424 2156 484 2188 per
501 2150 666 2178 secretam
684 2155 908 2178 numerorum
926 2144 1107 2182 rationem,
1132 2148 1193 2177 aut
1217 2143 1346 2189 figuras
1369 2144 1588 2176 mathemati-

423 2213 489 2240 cas,
508 2201 581 2234 sive
595 2212 656 2244 per
669 2201 802 2244 aliquot
817 2211 859 2232 ex
873 2205 1010 2232 centum
1026 2200 1217 2233 carminum
1236 2200 1431 2245 generibus,
1450 2210 1492 2232 ex
1510 2210 1587 2242 pro-

424 2257 627 2300 ponentium
645 2257 801 2290 arbitrio.

375 2314 416 2346 In
440 2313 520 2346 DD.
543 2313 689 2346 Joannis
710 2317 744 2345 et
768 2312 870 2345 Pauli
895 2313 976 2346 aede
999 2323 1095 2346 sacra
1120 2313 1195 2356 ipso
1221 2312 1438 2345 sanctissimo
1467 2310 1587 2344 Pente-

425 2375 534 2403 costes
551 2369 606 2402 die
623 2373 701 2412 post
718 2369 907 2408 meridiem,
