1861 2682
591 250 761 284 GENTIS
786 248 1055 286 SCOTORUM,
1079 247 1167 279 LIB.
1190 248 1227 277 V.
1529 248 1589 279 265

666 399 701 433 S.
728 397 1021 432 EOGLODIUS.
1074 399 1154 434 491.

232 513 267 546 S.
287 513 534 551 EOGLODHJS,
553 512 588 545 S.
609 511 797 545 Columbae
820 510 1020 553 discipulus,
1045 520 1135 542 unus
1158 520 1200 542 ex
1224 509 1267 542 iis
1291 508 1397 541 fuisse
1423 516 1590 540 memora-

233 574 303 609 tur,
323 569 384 612 qui
402 568 602 606 Scandalao‚
621 567 788 605 Totaneo,
808 565 986 604 Notofero,
1004 570 1038 599 et
1056 565 1202 598 Gallauo
1220 565 1332 603 sociis,
1359 562 1528 597 Columba
1554 561 1590 592 in

234 624 442 658 Hiberniam
459 624 728 661 transmittente,
747 627 786 656 ut
805 623 853 655 ait
875 621 921 654 H.
940 621 1109 654 Boethius
1127 622 1186 655 lib.
1206 630 1261 654 IX.
1287 620 1381 653 Hist.
1401 619 1491 652 Scot.
1511 628 1590 661 pag.

233 689 385 713 CLXVII.
418 685 439 699 “
456 680 570 713 sedem
595 684 794 711 statuerunt
818 679 854 711 in
878 677 963 710 Iona
987 678 1110 717 insula,
1136 677 1316 711 Scotorum
1343 676 1591 716 Pictorumque

233 738 390 781 regloues
421 737 487 780 piis
517 735 698 769 lustrando
728 735 923 773 sudoribus,
959 734 1122 772 docendo,
1157 733 1366 772 disserendo,
1401 729 1591 766 scribendo,

232 797 421 836 utrumque
440 793 607 836 populum
630 791 770 834 optimis
796 790 950 823 moribus
974 794 1009 822 et
1031 790 1198 834 religione
1221 789 1452 822 imbuerunt.”
1503 786 1592 819 Con-

233 849 340 881 sentit
357 848 412 881 Jo.
432 848 597 881 Leslaeus
616 847 674 880 lib.
695 856 746 880 IV.
765 858 844 892 pag.
864 854 958 878 CL11.
1010 845 1068 880 Ab
1094 857 1134 880 eo
1159 846 1288 889 scripta
1313 845 1481 889 plurima;
1509 852 1593 886 pau—

234 915 351 937 corum
369 905 413 938 ad
431 916 485 937 me
503 904 614 947 apices
632 908 876 946 pervenerunt.

379 960 568 993 Columbae
587 959 751 1004 Magistri
769 958 853 993 Vita
1096 959 1155 991 lib.
1176 967 1200 991 1.
1219 958 1311 1001 apud
1329 957 1544 990 Fordunum.

379 1016 559 1060 Epistolae
577 1016 621 1048 ad
640 1015 815 1048 Hibernos
1102 1015 1162 1048 lib.
1183 1024 1206 1048 1.

286 1073 422 1106 Floruit
439 1083 530 1105 anno
549 1080 657 1105 DCVI.

717 1183 985 1217 ETHODIUS.
1039 1185 1119 1220 492.

235 1297 446 1330 ETHODIUS
474 1295 501 1329 Ι.
533 1307 604 1334 rex,
631 1295 734 1328 Galdi
766 1295 927 1338 abnepos,
960 1295 1105 1339 Mogalli
1133 1307 1175 1329 ex
1206 1307 1323 1329 sorore
1349 1305 1465 1337 nepos,
1500 1302 1594 1326 XXV.

236 1366 255 1387 a
274 1353 454 1398 Fergusio,
474 1353 594 1385 statim
612 1352 713 1385 initio
731 1351 830 1396 regni
848 1357 952 1394 rupto
971 1353 1062 1385 vallo
1081 1351 1249 1396 Angliam
1276 1352 1464 1396 ingressus,
1492 1349 1597 1383 dubio

238 1409 353 1442 Marte
371 1419 449 1442 cum
472 1408 651 1447 Romanis,
679 1408 739 1451 qui
766 1407 991 1450 praesidiario
1011 1408 1093 1452 jure
1119 1418 1194 1440 eam
1220 1407 1435 1450 provinciam
1461 1406 1597 1440 obtine-

239 1466 333 1504 bant,
360 1465 564 1505 dimicavit3
591 1464 730 1497 biennio
756 1474 839 1496 vero
865 1469 943 1506 post
969 1465 1105 1497 eosdem
1133 1463 1285 1497 Scotiam
1312 1463 1496 1508 ingressos,
1526 1462 1597 1494 acie

239 1525 418 1564 superatos
436 1521 529 1553 intra
543 1521 674 1553 vallum
688 1520 827 1563 repulit.
861 1519 1026 1563 Princeps
1041 1521 1134 1553 omni
1150 1521 1223 1553 vita
1237 1521 1360 1558 clarus,
1375 1519 1417 1552 ab
1433 1519 1600 1551 Hebridi-

239 1587 304 1609 ano
324 1577 465 1611 tibicine
482 1580 588 1609 noctu
601 1576 786 1620 jugulatus
805 1574 949 1609 interiit.
1001 1576 1090 1621 Ejus
1108 1581 1211 1610 sunt:

382 1633 619 1667 venationum
639 1632 790 1671 statuta,
808 1632 1032 1666 Dornadillae
1050 1633 1217 1672 addenda,
1300 1633 1359 1666 lib.
1381 1642 1403 1665 1.

384 1689 564 1732 Epistolae
582 1689 626 1721 ad
644 1688 776 1733 Regem
795 1689 974 1722 Pictorum
1300 1689 1358 1722 lib.
1380 1698 1403 1721 Ι.

288 1746 448 1779 Excessit
465 1756 556 1778 anno
573 1745 673 1788 regni
691 1744 744 1777 sui
764 1753 864 1777 xxx.
891 1746 1031 1778 annales
1049 1749 1232 1784 nostrates,
1257 1746 1310 1778 vel
1337 1756 1427 1778 anno
1455 1753 1598 1777 xxxiv.

240 1802 389 1835 Balaeus
418 1806 452 1834 et
479 1801 550 1839 alii,
575 1801 677 1833 salut.
702 1800 874 1833 humanae
898 1809 1032 1834 CXCVI.
1084 1801 1268 1834 Pontifices
1295 1806 1393 1834 erant
1419 1800 1597 1839 Anicetus,

240 1860 351 1896 Soter,
367 1857 592 1890 Eleutherius
606 1867 614 1896 3
638 1857 874 1900 imperatoreS,
888 1856 937 1889 M.
954 1857 1120 1891 Aurelius
1136 1856 1338 1891 Antoninus
1354 1857 1598 1900 Philosophus,

241 1913 463 1952 Commodus,
482 1913 604 1946 Aelius
624 1912 802 1946 Pertinax.

697 2025 731 2058 S.
760 2025 1006 2059 ERENEUS.
1059 2028 1139 2063 493.

241 2138 276 2170 S.
296 2137 503 2176 ERENEUS,
526 2137 570 2170 D.
590 2136 779 2170 Columbae
805 2139 968 2181 aequalis,
994 2139 1188 2173 celebratur
1213 2151 1233 2172 a
1258 2139 1302 2172 D.
1329 2139 1537 2172 Adamanno
1564 2140 1600 2171 in

242 2193 324 2226 Vita
343 2193 387 2226 D.
407 2193 595 2226 Columbae
619 2193 677 2226 lib.
698 2202 722 2226 1.
741 2204 814 2236 cap.
836 2203 894 2226 111.
912 2195 966 2227 his
985 2196 1116 2228 verbis:
1143 2200 1164 2214 “
1184 2195 1253 2229 Hic
1270 2200 1342 2229 erat
1364 2195 1521 2228 Ereneus
1539 2206 1600 2237 per

243 2260 360 2282 omnes
378 2255 496 2292 postea
514 2249 648 2282 Scotiae
667 2250 823 2282 ecclesias
842 2249 1005 2290 famosus,
1025 2255 1059 2284 et
1077 2252 1176 2285 valde
1193 2252 1406 2290 notissimus,
1430 2252 1490 2294 qui
1517 2251 1599 2283 haec

243 2306 358 2339 omnia
377 2305 481 2339 verba
499 2305 645 2350 Segenio
666 2304 781 2338 abbati
801 2306 842 2338 de
860 2317 895 2339 se
912 2306 1118 2350 prophetata
1137 2312 1369 2346 enarraverat,
1395 2319 1471 2340 meo
1488 2307 1600 2339 deces-
