1861 2682
287 229 348 258 254
658 228 884 259 HISTORIA
909 228 1271 259 ECCLESIASTICA

290 331 330 352 ex
349 319 433 352 Vita
449 319 618 363 magistri.

772 428 1034 462 EUGENIUS.
1086 428 1165 462 465.

290 542 514 582 EUGENIUS‚
545 543 670 576 tertius
700 542 899 574 monasterii
923 541 967 573 D.
993 541 1112 574 Jacobi
1137 541 1285 585 Majoris
1312 542 1492 585 Herbipoli
1521 543 1636 579 abbas.

289 598 343 640 pie
360 610 500 643 gregem
519 598 584 631 sibi
602 597 821 631 commissum
841 597 931 629 rexit
948 597 1046 629 annis
1067 605 1183 629 XVIII.
1234 597 1379 640 Scripsit

435 654 711 687 Exhortationes
730 652 772 684 ad
790 652 988 696 peregrinos
1006 651 1124 685 Scotos
1141 652 1199 685 lib.
1220 662 1244 685 Ι.
1284 653 1445 686 Meminit
1463 652 1635 686 Trithem.

481 709 610 742 Chron.
629 708 783 751 ejusdem
801 707 1011 740 monasterii.

433 764 490 797 Ad
516 763 750 796 Coelestinum
778 762 845 795 III.
876 762 1080 796 Pontificem
1107 763 1304 796 Maximum
1329 763 1506 806 Epistolas
1534 765 1591 797 lib.
1612 774 1635 797 1.

481 831 501 852 a
526 830 595 862 quo
620 818 914 852 confirmationem
945 819 1144 852 monasterii
1171 820 1394 862 impetravit3
1426 830 1513 862 quae
1544 825 1635 853 extat

478 875 570 918 apud
588 874 834 907 Trithemium.

338 931 435 964 Obiit
452 941 543 963 anno
562 938 762 963 Mcxcvm.

822 1042 978 1075 ELIAS.
1030 1041 1109 1075 466.

290 1155 414 1187 ELIAS
448 1155 552 1188 abbas
585 1154 738 1199 ejusdem
773 1154 973 1187 monasterii
1004 1162 1072 1186 VII.
1108 1154 1172 1187 sub
1206 1154 1335 1188 Ottone
1365 1155 1522 1198 episcopo
1553 1155 1638 1187 sedit

290 1211 388 1243 annis
409 1219 460 1243 VI.
511 1210 658 1253 Scripsit

434 1266 630 1299 Chronicon
648 1265 853 1298 Monasterii
872 1265 1052 1299 Scotorum
1252 1265 1308 1298 lib.
1331 1275 1353 1297 1.

339 1322 436 1355 Obiit
453 1332 545 1355 anno
565 1330 771 1354 Mccxxm.

760 1431 1037 1466 EGBERTUS.
1092 1431 1171 1467 467.

291 1546 508 1579 EGBERTUS
526 1545 779 1578 Carmelitanus
796 1546 993 1590 religiosam
1012 1544 1120 1576 vitam
1138 1544 1174 1576 in
1192 1543 1314 1577 Galliis
1334 1546 1523 1587 amplexus,
1549 1550 1643 1587 post-

292 1613 395 1644 quam
413 1606 526 1634 totum
543 1602 710 1634 orientem
727 1602 919 1639 lustrasset,
936 1601 1142 1644 linguasque
1165 1600 1347 1632 orientales
1376 1600 1480 1642 probe
1506 1600 1643 1632 didicis-

292 1662 353 1695 set,
379 1658 481 1690 rediit
509 1658 545 1689 in
569 1656 730 1695 Scotiam,
755 1661 788 1689 et
814 1655 934 1689 Albini
961 1656 1204 1689 Brechinensis
1230 1656 1379 1699 episcopi
1404 1656 1641 1700 suffraganeus

292 1713 370 1751 fuit,
390 1724 451 1745 seu
469 1713 742 1755 chorepiscopus,
761 1712 859 1756 cujus
883 1712 1040 1754 precibus
1059 1711 1265 1745 Carmelitae
1288 1712 1534 1744 monasterium
1560 1711 1642 1743 Bre-

293 1769 384 1801 vliini
403 1772 617 1811 acceperunt.
669 1767 814 1811 Scripsit

439 1824 604 1857 Alcorani
622 1823 826 1857 Vei-sionem
1254 1823 1311 1856 lib.
1333 1833 1355 1855 1.

436 1880 569 1913 Contra
587 1879 800 1913 Alcoranum
1250 1879 1308 1911 lib.
1331 1888 1353 1910 1.

340 1936 458 1968 Rediit
476 1936 511 1968 in
529 1936 679 1978 patriam
698 1946 790 1967 anno
809 1943 991 1967 MCCLXII.
1010 1935 1148 1977 quando
1168 1935 1303 1972 obierit,
1322 1945 1390 1967 non
1410 1936 1530 1977 reperi.

632 2045 897 2078 ROBERTUS
922 2045 1168 2079 ELGINIUS.
1221 2045 1300 2079 468.

709 2105 735 2120 ,ς

299 2158 522 2196 ROBERTUS,
553 2168 573 2189 a
595 2156 708 2199 patria
730 2157 815 2189 urbe
838 2156 1001 2201 Elginius
1025 2158 1136 2190 dictus
1166 2158 1293 2200 (nescio
1317 2170 1360 2191 an
1383 2159 1465 2191 haec
1489 2158 1644 2203 Elgonae

299 2213 503 2256 Ptolomaei)
522 2213 677 2245 sacerdos
701 2223 740 2245 ac
761 2213 880 2245 doctor
903 2213 1120 2252 Sorbonicus,
1145 2214 1209 2247 sub
1232 2214 1407 2247 Clemente
1430 2214 1472 2247 V.
1498 2215 1644 2248 referen-

294 2269 420 2307 darius,
441 2268 630 2301 Viennensi
648 2268 790 2302 concilio
809 2268 977 2301 interfuit.
1030 2268 1175 2312 Scripsit
