1861 2682
284 298 426 331 rarunt
440 292 481 331 in
498 290 656 331 Calvini
672 303 852 330 errorum
867 290 1112 343 praecipitia,
1124 290 1175 329 ad
1189 290 1383 329 sinceram
1400 290 1476 329 Dei
1493 290 1624 330 colen-

285 356 325 393 di
339 355 537 393 rationem
550 353 1038 405 revocentur‚relictisque
1051 359 1092 391 et
1104 353 1345 405 contemptis
1359 353 1625 405 novitiis,pr0-

284 417 386 455 fanis
402 416 492 461 illis,
513 416 656 468 impiis,
676 415 883 467 imperitis,
903 429 977 454 nec
997 416 1176 467 integrae
1196 415 1325 453 famae
1344 415 1625 453 homuncioni-

284 481 367 524 bus,
393 478 574 531 pessimis
594 484 635 516 et
654 478 778 517 caecis
797 478 849 516 ad
867 477 1120 529 sequendum
1140 477 1320 523 ducibus,
1345 478 1444 515 dum
1468 478 1623 529 resipis-

283 540 399 579 cendi
416 547 576 593 tempus
592 546 633 578 et
647 539 758 578 locus
778 545 849 585 est,
867 545 1025 578 mature
1046 539 1087 577 in
1109 538 1311 577 Ecclesiae
1332 538 1563 577 Catholicae
1584 546 1621 578 et

284 603 502 649 Romanae,
522 607 636 641 extra
662 615 785 653 quam
809 601 1075 639 certissimum
1101 601 1367 652 naufragium,
1394 607 1557 653 portum
1584 615 1625 639 se

282 666 488 717 recipiant.
517 664 669 703 Merito
685 663 822 715 itaque
837 662 1156 701 Ecclesiasticam
1174 663 1383 700 Scotorum
1400 663 1622 701 Historiam

283 727 517 772 nominavit,
538 726 580 764 in
600 739 691 777 qua,
711 731 906 776 tanquam
926 724 968 762 in
989 723 1162 776 speculo,
1182 724 1328 762 veteris
1348 725 1510 776 pietatis
1530 739 1621 763 cum

282 789 467 827 Romana
486 787 667 826 Ecclesia
686 787 728 825 in
755 786 950 838 religione
974 786 1214 838 conspiratio
1240 792 1281 824 et
1301 799 1516 825 consensus
1536 800 1623 838 per-

281 857 405 902 petua
425 850 526 889 serie
546 855 731 888 narratus
750 847 910 900 legitur,
926 861 1122 886 novorum
1138 854 1274 886 autem
1290 848 1525 899 dogmatum
1542 849 1622 886 foe-

281 914 385 951 ditas
415 918 456 951 et
486 912 660 964 pravitas
690 909 898 949 luculente
924 910 975 948 ad
1000 910 1310 948 detestationem
1343 916 1384 948 et
1414 910 1619 948 horrorem

280 975 362 1013 suis
382 973 581 1013 coloribus
600 973 796 1025 proditur.
854 972 987 1014 Quare
1008 985 1082 1010 nec
1100 971 1303 1017 haeretici,
1323 984 1498 1022 quorum
1523 985 1622 1010 non-

279 1037 378 1075 dum
399 1042 459 1075 est
479 1035 726 1074 conclamata
745 1034 905 1079 sanitas,
925 1039 966 1072 et
985 1034 1068 1071 vita
1087 1033 1307 1085 desperata,
1327 1033 1495 1071 fuerunt
1514 1034 1624 1085 inge-

278 1099 335 1136 nii
356 1104 398 1136 et
417 1097 666 1143 eruditionis,
686 1109 808 1148 quam
828 1101 1047 1141 merentur,
1067 1094 1188 1133 laude
1207 1095 1433 1141 fraudandi,
1457 1096 1527 1134 sed
1556 1110 1622 1134 ex-

281 1160 442 1206 citandi,
471 1165 529 1205 ut,
553 1172 653 1210 quas
682 1159 794 1196 Deus
821 1157 945 1202 dedit,
975 1157 1099 1195 animi
1130 1157 1293 1195 dotibus
1322 1157 1364 1194 in
1390 1159 1620 1208 quaerenda

279 1228 442 1261 aeterna
463 1221 593 1259 salute
614 1225 850 1263 uterentur;
873 1232 946 1257 nec
966 1218 1037 1269 qui
1053 1217 1253 1256 Catholici
1274 1218 1379 1256 inter
1398 1218 1620 1258 haereticos

279 1284 366 1322 Deo
387 1290 428 1322 et
448 1283 720 1321 sacerdotibus
740 1281 890 1332 cogniti
920 1279 1175 1327 delitescunt,
1204 1280 1493 1332 persecutionis
1518 1295 1620 1320 sere-

278 1346 448 1383 nitatem
470 1349 756 1395 exspectantes,
777 1342 862 1380 ullo
882 1342 1050 1380 fuerunt
1070 1342 1219 1380 indicio
1239 1342 1466 1393 detegendi,
1487 1357 1537 1381 ne
1559 1344 1618 1382 in-

279 1407 516 1445 nocentibus
554 1406 603 1444 ab
640 1405 842 1443 haeretico
880 1404 1117 1455 magistratu
1150 1403 1375 1456 periculum
1409 1405 1514 1443 vitae
1548 1412 1616 1443 aut

280 1470 535 1507 fortunarum
556 1474 769 1513 crearetur,
790 1479 1083 1518 supervacaneo
1103 1471 1144 1504 et
1171 1466 1454 1518 intempestivo
1486 1467 1617 1505 divul-

277 1537 392 1582 gatae
422 1530 585 1568 virtutis
614 1529 753 1580 elogio.
812 1528 949 1580 Hujus
978 1527 1110 1567 classis
1140 1528 1181 1566 in
1211 1527 1287 1566 hoc
1320 1542 1438 1580 opere
1467 1528 1617 1567 multos

278 1592 467 1637 invenies,
497 1605 597 1643 quos
626 1604 760 1630 rerum
790 1590 967 1628 fortassis
996 1590 1242 1628 Scoticarum
1271 1590 1444 1641 ignarus,
1473 1596 1514 1628 et
1543 1591 1618 1628 ini-

281 1668 385 1706 quus
412 1667 561 1699 censor,
588 1653 883 1692 haereticorum
910 1651 1000 1690 albo
1034 1652 1221 1690 audacior
1246 1652 1481 1703 ascripserit.
1538 1653 1615 1690 Sed

279 1723 325 1754 ut
345 1715 481 1768 paucis
501 1721 541 1754 te
561 1714 773 1760 absolvam,
793 1713 985 1752 benevole
1006 1713 1142 1760 lector,
1166 1714 1198 1752 si
1222 1714 1322 1765 quid
1341 1713 1417 1752 hoc
1444 1714 1485 1752 in
1512 1713 1615 1752 libro

277 1778 413 1816 aliisve
434 1777 664 1829 Dempsteri
684 1776 1031 1815 lucubrationibus
1051 1776 1087 1814 S.
1108 1776 1157 1814 R.
1178 1775 1225 1814 E.
1246 1777 1361 1828 cujus
1388 1774 1457 1814 ille
1481 1776 1614 1814 decre-

277 1847 411 1878 torum
431 1840 533 1877 vixit
553 1846 594 1878 et
613 1844 798 1877 mortuus
819 1844 879 1876 est
897 1837 1280 1883 observantissimus,
1299 1837 1433 1876 minus
1453 1836 1615 1889 placens

278 1901 516 1947 invenietur,
537 1901 579 1939 id
599 1914 718 1939 omne
738 1905 988 1952 expunctum
1009 1899 1056 1938 iri
1078 1898 1322 1951 pollicentur
1337 1900 1452 1938 Scoti.
1502 1899 1613 1945 Vale,

278 1977 353 2001 xn.
374 1962 444 2002 cal.
465 1964 570 2015 Sept.
592 1976 853 2001 CICDCXXVII.
