1861 2682
253 238 315 267 300
626 236 852 268 HISTORIA
875 234 1241 267 ECCLESIASTICA

257 329 505 363 monasterium
531 328 828 373 cognominatur.”
877 327 1000 371 Pergit
1025 327 1148 359 deinde
1173 326 1350 365 miracula,
1376 327 1420 360 ab
1437 338 1476 360 eo
1494 338 1614 371 perpe-

257 390 349 418 trata
372 385 536 429 quotidie,
564 393 788 422 enumerare3
815 393 903 425 quae
928 388 969 415 tu
994 382 1085 414 vide.
1135 381 1287 415 Jodocus
1305 382 1496 417 Metzlerus
1522 383 1614 426 apud

260 440 306 473 H.
322 441 501 474 Canisium
517 444 601 472 tom.
618 448 651 471 v.
666 438 905 482 Antiquarum
917 438 1073 471 Lection.
1085 449 1166 482 pag.
1181 446 1439 471 DCCXXXVIII.
1460 444 1480 458 “
1494 439 1527 472 S.
1535 438 1615 471 Gal-

258 498 323 536 lus,
351 497 478 530 electus
503 495 570 528 Dei
595 494 748 528 famulus
774 495 839 527 sub
865 494 1061 527 obedientia
1086 498 1120 527 et
1145 495 1266 539 regula
1291 493 1326 527 S.
1353 494 1571 534 Columbani,
1598 506 1616 527 e

258 552 374 586 Scotia
391 552 543 590 veniens,
562 551 687 594 spretis
705 551 878 584 nobilibus
896 550 1110 593 parentibus,
1130 551 1320 593 mundique
1337 551 1484 594 pompis,
1504 552 1615 584 vitam

257 619 450 651 pauperum
476 608 611 651 elegit.”
662 606 963 639 Constantiensem
989 606 1225 649 episcopatum
1249 607 1448 648 recusavit;
1480 606 1614 645 Latine,

258 664 400 703 Scotice,
419 663 634 701 Germanice,
653 667 687 694 et
705 661 834 694 Gallice
852 662 1003 700 edoctus,
1021 661 1285 695 humanioribus
1307 662 1412 706 juxta
1436 667 1470 696 et
1487 663 1616 696 divinis

257 720 366 753 literis
394 719 709 757 instructissimus;
745 718 848 750 unico
875 718 981 751 verbo
1010 718 1185 750 concludit
1214 718 1281 756 ille,
1313 722 1334 736 “
1357 729 1459 761 quem
1491 719 1616 752 merito

258 775 445 808 Alemanni
479 785 581 807 suum
612 774 806 816 apostolum
841 774 998 806 vocant.'’
1060 773 1169 806 Plura
1202 778 1319 806 autem
1351 784 1545 817 anonymus
1579 775 1616 807 in

258 831 342 864 Vita
360 831 395 864 S,
414 830 622 869 Burchardi,
650 829 875 862 Marcellinus
894 829 930 861 in
947 829 1033 863 Vita
1058 830 1093 862 S.
1120 829 1310 869 Suniberti,
1336 829 1444 863 Jonas
1469 831 1507 863 in
1535 830 1617 864 Vita

259 887 476 925 Columbani‚
496 885 713 924 Theodorus,
733 886 921 918 monachus
940 885 974 918 S.
994 885 1097 925 Galli,
1115 886 1153 918 in
1173 885 1258 919 Vita
1276 885 1311 918 S.
1332 886 1467 931 Magni,
1485 886 1617 930 Raper-

259 950 315 977 tus
334 943 468 981 Scotus,
486 947 521 975 et
538 941 766 974 Ekerhardus
779 942 901 986 junior
918 953 960 974 ex
979 942 1097 975 eodem
1121 943 1284 975 coenobio
1311 943 1347 975 in
1372 943 1432 976 lib.
1452 942 1618 976 Benedic-

259 1006 385 1039 torum‚
412 998 513 1032 Joan.
534 998 698 1031 Leslaeus
724 997 783 1030 lib.
809 1007 861 1030 IV.
887 997 982 1031 Hist.
1009 998 1100 1031 scot.
1153 998 1366 1032 Hartmanni
1388 1009 1508 1032 versus
1530 1010 1617 1042 pene

258 1056 503 1098 praeterieram
523 1055 641 1088 eodem
660 1058 741 1087 tom.
761 1062 796 1085 V.
815 1053 1003 1097 Antiquar.
1022 1054 1180 1088 Lection.
1198 1066 1278 1099 pag.
1299 1063 1413 1088 DCCL.

557 1125 615 1152 Hic
630 1124 737 1156 domus,
751 1124 803 1151 hac
817 1129 860 1152 est
874 1124 965 1161 patria
978 1130 1088 1152 creatus

553 1171 659 1198 Fautor
674 1170 853 1198 Ommnus
868 1170 1070 1198 BENnmc'rUs
1085 1171 1172 1204 abba3

554 1217 681 1244 GALLUS
695 1225 710 1243 a
726 1216 832 1244 Scoms
846 1216 962 1244 veniens
975 1217 1070 1244 beavit

857 1261 962 1289 Omnia
976 1268 1078 1290 nostra.

308 1335 452 1369 Praeter
470 1346 527 1369 eos
551 1346 638 1378 quos
662 1334 813 1372 laudavi,
840 1333 980 1367 Scotum
1004 1334 1087 1367 facit
1110 1333 1242 1367 Anton.
1269 1333 1410 1366 Possev.
1428 1333 1522 1379 App.
1543 1333 1616 1366 Sac.

260 1403 340 1436 pag.
361 1401 487 1424 DXXV.
522 1392 649 1435 Georg.
669 1390 859 1423 Garnefelt.
878 1389 952 1423 Vit.
971 1390 1118 1423 Eremit.
1137 1401 1217 1435 pag.
1238 1398 1295 1422 CC.
1315 1394 1336 1408 ‘⁶
1349 1389 1384 1422 S.
1404 1389 1525 1423 Gallus
1540 1389 1619 1423 Sco-

261 1454 329 1487 tus,
348 1448 452 1481 abbas
471 1448 562 1491 apud
580 1446 793 1480 Arbonam.”
836 1445 927 1479 Vide
944 1446 981 1479 in
1002 1444 1237 1480 Columbcmus
1253 1445 1312 1478 lib.
1333 1454 1393 1478 111.
1412 1450 1446 1479 et
1462 1446 1522 1479 lib.
1542 1454 1615 1478 XII.

262 1507 298 1538 in
316 1504 370 1538 M
369 1504 521 1538 acarius.
574 1504 719 1547 Scripsit
738 1504 859 1542 multa,
880 1514 922 1536 ex
939 1502 1065 1546 quibus
1083 1503 1166 1535 haec
1183 1502 1366 1534 feruntur:

406 1561 518 1604 Super
552 1560 798 1604 Evangelium,
834 1563 855 1577 ‘⁶
890 1559 980 1592 Ecce
1015 1569 1077 1591 nos
1116 1558 1322 1600 reliquimus
1366 1558 1514 1597 omnia,’'
1556 1556 1618 1591 ἅτε.

454 1617 574 1650 Sermo
591 1616 820 1660 gravissimus
870 1615 929 1647 lib.
950 1623 974 1647 Ι.
1026 1614 1217 1647 Metzlerus
1234 1614 1308 1646 loco
1325 1614 1477 1647 laudato.

406 1673 597 1706 Conciones
871 1671 931 1704 lib.
952 1679 975 1702 1.
1027 1669 1255 1703 Ekerhardus
1269 1669 1401 1714 junior.

407 1729 531 1763 Oratio
553 1729 595 1761 de
621 1727 801 1760 Electione
823 1726 969 1760 Joannis
992 1725 1165 1769 Discipuli
1188 1726 1242 1758 sui
1266 1731 1300 1758 et
1317 1725 1463 1759 Diaconi
1481 1726 1517 1758 in
1536 1725 1620 1769 Epi-

453 1789 632 1828 scopatum
653 1782 965 1816 constantiensem.
1016 1781 1129 1815 Extat
1146 1786 1229 1814 tom.
1249 1790 1301 1814 VI.
1326 1792 1400 1824 par.
1420 1790 1462 1814 11.
1489 1781 1620 1815 Biblio-

456 1841 575 1874 thecae
593 1840 654 1873 SS.
676 1838 821 1872 Patrum
839 1850 919 1883 pag.
939 1847 1108 1871 DCCXIII.

406 1896 634 1930 Gubernandi
651 1895 843 1928 Ecclesiam
862 1893 991 1927 Forma
1322 1893 1381 1926 lib.
1402 1902 1426 1926 Ι.

408 1953 547 1986 Monita
564 1952 732 1985 salutaria
748 1951 792 1984 ad
809 1950 1028 1983 lValmarum
1046 1948 1295 1992 Presbyterum
1325 1949 1384 1982 lib.
1405 1958 1429 1982 1.

311 2009 410 2043 Obiit
427 2009 590 2042 Arbonae
609 2009 646 2040 in
663 2007 752 2040 festo
770 2006 805 2039 S.
825 2005 1019 2044 Michaelis,
1037 2004 1131 2038 febre
1150 2005 1269 2038 statim
1288 2017 1308 2039 a
1325 2006 1487 2039 concione
1513 2017 1622 2040 corre-

264 2070 356 2109 ptus,
382 2076 473 2098 anno
499 2064 621 2097 aetatis
649 2071 740 2095 xcv.
795 2061 837 2094 In
867 2060 1063 2094 Germaniis
1092 2061 1214 2099 haesit,
1246 2061 1394 2095 abeunte
1419 2062 1456 2094 in
1483 2061 1622 2095 Italiam

264 2122 434 2166 magistro
468 2131 530 2154 suo
564 2130 655 2152 anno
689 2126 802 2151 DXVI.
836 2121 876 2150 ut
910 2116 1110 2162 Rheginoni
1148 2117 1265 2150 abbati
1298 2118 1410 2161 placet
1443 2118 1479 2150 in
1514 2118 1623 2151 Chro-

265 2178 353 2217 nico,
383 2176 567 2210 manifesto
596 2186 679 2208 sane
706 2184 822 2207 errore
850 2173 997 2206 numeri.
1050 2172 1179 2206 Melius
1205 2172 1388 2207 Marianus
1414 2173 1537 2207 Scotus
1563 2185 1623 2207 an·

265 2244 311 2267 no
342 2241 434 2266 Dxc.
490 2231 626 2265 Claruit
655 2231 692 2263 in
722 2229 932 2262 Alemannia
956 2240 1047 2262 anno
1079 2237 1237 2262 Dcxxn.
1264 2230 1314 2262 ait
1339 2229 1492 2274 Sigeber.
1520 2229 1622 2263 Gem-

266 2289 454 2328 blacensis3
490 2288 610 2321 cellam
644 2297 741 2320 suam
778 2285 826 2318 ibi
861 2286 1033 2319 exstruxit
1065 2296 1155 2318 anno
1189 2294 1359 2319 Dcxxxl.
1393 2290 1434 2319 ut
1468 2286 1623 2329 loquitur
