1861 2682
579 247 750 280 GENTIS
775 246 1045 283 SCOTORUM,
1071 245 1157 276 LIB.
1183 245 1221 275 V.
1522 246 1582 275 <257

228 343 365 375 charius
384 341 585 384 episcopalis
603 341 736 385 gratiae
753 339 894 372 functus
912 340 1051 378 honore,
1073 340 1222 381 palmam
1247 338 1406 380 martyrii
1426 338 1582 380 adeptus,

227 409 350 441 corpus
365 398 406 430 ad
426 397 614 430 Liberdum
628 397 722 440 jacet
737 397 764 429 :''
782 401 818 428 at
832 396 1015 440 legendum
1030 400 1115 438 puto
1129 392 1180 427 ad
1191 391 1385 425 Liverclum
1397 405 1408 431 ;
1426 399 1477 426 est
1491 393 1582 425 enini

227 455 262 486 in
282 453 523 497 Lotharingia.
568 452 694 485 Passus
713 456 764 484 est
782 463 872 484 anno
891 460 1048 484 CCCLXI.
1067 456 1234 494 regnante
1251 450 1468 495 Augusiano.
1517 449 1582 481 Co-

227 510 310 542 litur
327 510 382 541 die
401 518 467 541 XV.
487 508 630 541 Januar.
650 516 764 541 XXVI.
783 507 905 540 Octob.
924 507 1048 539 menda
1071 511 1123 539 est
1146 507 1183 538 in
1207 507 1406 550 Menologio
1430 516 1506 537 meo
1529 505 1583 536 die.

228 573 323 597 XXV.
350 564 444 609 Aug.
473 569 511 596 tu
537 565 585 596 sie
610 565 705 607 lege:
734 568 753 582 “
780 563 822 596 In
849 563 1044 596 Gerinaniis
1068 562 1236 595 Eucharii
1260 563 1423 605 martyris
1447 567 1481 594 et
1505 572 1584 604 apo-

226 621 316 658 stoli,
335 621 394 663 qui
421 621 464 653 ad
490 620 660 663 evangelii
687 630 773 662 opus
798 630 876 652 cum
902 619 936 651 S.
956 619 1060 652 Elifio
1084 619 1192 651 fratre
1215 623 1249 652 et
1273 627 1424 651 XXXIII.
1449 618 1583 650 comiti-

226 676 289 709 bus
304 687 338 708 se
353 676 531 708 accinxit.’'
572 675 640 707 Hic
654 676 725 708 dies
740 676 879 708 initium
897 676 1155 720 peregrinitatis
1174 680 1316 708 notatur
1329 676 1364 707 in
1379 674 1583 707 Calendario

226 731 345 765 Jacobi
365 731 550 775 Cheynaei.

647 843 682 875 S.
710 842 1025 876 EDILTRUDIS.
1078 845 1157 879 474.

226 957 260 989 S.
281 956 546 993 EDILTRUDIS,
565 954 599 987 N
601 955 838 988 orthumbriae
856 955 987 999 regina,
1006 965 1122 987 amore
1138 955 1337 987 coelestium
1352 955 1584 997 praemiorum

227 1023 398 1050 succensa,
419 1012 511 1053 quod
528 1012 566 1044 in
588 1022 694 1055 regno
717 1021 780 1043 suo
802 1016 977 1053 praestare
1000 1022 1069 1043 non
1093 1011 1218 1053 potuit,
1243 1011 1279 1043 in
1304 1010 1419 1043 Scotia
1441 1011 1585 1053 praesti-

228 1069 292 1106 tit;
312 1079 392 1100 nam
410 1072 595 1110 postquam
613 1067 699 1100 duos
717 1067 860 1099 maritos
878 1067 1048 1099 castitatis
1067 1067 1167 1099 laude
1185 1066 1444 1105 inflammasset,
1464 1072 1498 1099 et
1512 1068 1586 1109 ipsa

226 1129 429 1166 perpetuam
448 1123 688 1167 virginitatem
711 1123 876 1161 vovisset,
900 1123 936 1155 in
961 1122 1193 1166 Coldingham
1219 1122 1393 1155 Merchiae
1417 1128 1586 1155 monaste-

228 1180 279 1211 rio
297 1179 412 1211 velum
430 1179 590 1221 sumpsit,
608 1182 643 1210 et
660 1189 703 1211 ex
720 1178 862 1211 moniali
881 1178 1016 1222 virgine
1035 1178 1211 1211 abbatissa
1229 1180 1344 1217 electa,
1364 1179 1472 1211 vitam
1492 1190 1586 1211 sanc-

227 1235 327 1267 titate
348 1240 381 1267 et
404 1234 513 1278 signis
539 1234 704 1277 inclytam
728 1234 854 1272 duxit3
884 1235 942 1267 sed
967 1239 1046 1277 post
1072 1235 1205 1277 aliquot
1230 1246 1338 1268 annos
1364 1235 1400 1267 in
1421 1235 1587 1279 Angliam

228 1291 342 1330 rediit,
361 1290 422 1323 ubi
440 1290 540 1322 beato
558 1289 624 1322 fine
642 1289 808 1332 deposita.
862 1289 978 1322 Trith.
998 1290 1057 1323 lib.
1078 1300 1137 1323 111.
1152 1290 1228 1323 Vir.
1244 1291 1351 1324 illust.
1367 1302 1439 1334 cap.
1459 1300 1587 1324 CXXII.

229 1346 523 1390 Martyrologium
537 1345 748 1384 Romanum,
766 1345 837 1377 alii.
881 1345 940 1378 Fr.
959 1346 1186 1389 Maurolycus
1202 1357 1381 1389 perperam
1397 1355 1497 1381 vocat
1511 1347 1590 1380 Gel-

229 1403 376 1440 trudem,
402 1402 461 1434 sed
486 1402 600 1446 majus
626 1401 791 1434 mendum
818 1401 854 1433 in
872 1401 978 1435 Petro
996 1402 1054 1434 lib.
1074 1410 1110 1434 V.
1130 1401 1241 1435 Catal.
1260 1414 1334 1445 cap.
1354 1411 1480 1435 CXLII.
1509 1409 1529 1423 ‘⁶
1548 1404 1588 1436 In

229 1457 391 1491 coenobio
417 1457 596 1501 virginum
621 1457 717 1490 urbis
742 1457 921 1496 Concludi,
948 1458 1013 1491 sub
1039 1458 1233 1491 obedientia
1251 1458 1360 1491 Elbae
1384 1460 1588 1498 abbatissae,

231 1514 359 1547 amicae
381 1514 483 1558 regis,
510 1524 530 1546 a
547 1513 582 1546 S.
602 1512 751 1555 Elprido
769 1514 925 1546 velamen
943 1515 1106 1557 accepit.”
1157 1514 1311 1559 Corrige,
1331 1520 1351 1533 “
1366 1516 1408 1548 In
1427 1516 1590 1549 coenobio

231 1571 408 1614 virginum
438 1569 534 1602 urbis
568 1569 703 1607 Coludi‚
735 1569 801 1602 sub
831 1570 1025 1603 obedientia
1053 1570 1184 1610 Ebbae,
1220 1572 1346 1604 amitae
1375 1573 1477 1616 regis,
1506 1584 1525 1605 a
1556 1572 1589 1604 S.

230 1625 396 1658 wilfrido
414 1626 571 1658 velamen
588 1625 717 1668 accepit
731 1626 760 1663 ;”
778 1636 858 1658 nam
872 1627 914 1658 de
932 1626 991 1659 SS.
1009 1627 1110 1659 Ebba
1127 1632 1161 1660 et
1178 1627 1344 1661 wilfrido
1362 1628 1425 1661 hoc
1444 1629 1541 1667 libro,
1557 1634 1589 1661 et

232 1691 317 1715 XIX.
370 1681 501 1714 Urbem
519 1680 654 1719 coludi,
673 1685 707 1713 et
724 1681 845 1714 urbem
864 1681 1053 1715 Coldanam
1073 1689 1173 1716 vocat
1191 1683 1296 1722 Beda,
1316 1696 1418 1727 quam
1438 1690 1591 1718 nostrate

232 1739 351 1783 lingua
385 1737 635 1780 patrimonium
670 1737 836 1769 comitum
875 1738 1091 1771 Bothweliae
1129 1739 1359 1784 Coldingham
1396 1743 1591 1784 appellant:

234 1805 345 1837 neque
362 1804 431 1826 non
455 1798 548 1825 errat
567 1792 746 1826 Arnoldus
774 1792 891 1826 Uvion
918 1795 978 1838 qui
1001 1795 1060 1827 lib.
1087 1804 1145 1827 111.
1169 1795 1248 1840 Lig.
1273 1796 1376 1829 Vitae
1402 1808 1481 1841 pag.
1501 1807 1591 1830 CCII.

232 1855 333 1892 putat
350 1850 439 1882 hanc
456 1850 599 1882 eandem
619 1860 692 1882 esse
710 1860 789 1882 cum
808 1851 903 1894 regia
918 1851 1054 1895 virgine
1071 1850 1271 1891 Ethelreda,
1291 1863 1369 1885 cum
1388 1858 1421 1886 et
1439 1859 1592 1896 tempore

233 1910 267 1938 et
285 1907 398 1938 cultus
416 1906 471 1937 die
489 1905 763 1950 distinguamus,
783 1910 823 1939 ut
841 1906 932 1939 infra
950 1907 1005 1939 hic
1021 1907 1164 1950 patebit.
1216 1907 1361 1951 Scripsit

376 1961 435 1994 Ad
454 1961 623 1993 Maritum
644 1961 776 2006 Regem
1103 1963 1162 1996 lib.
1183 1973 1207 1995 Ι.

283 2017 418 2050 Floruit
437 2027 528 2050 anno
547 2025 780 2050 DCLXXXIIL
833 2018 971 2051 Colitur
990 2027 1107 2051 xvln.
1128 2028 1248 2052 XXIII.
1268 2019 1291 2051 J
1294 2021 1379 2053 unii.

664 2128 698 2161 S.
728 2129 1026 2164 EAILLANUS.
1079 2133 1159 2167 475.

240 2248 258 2261 ‘⁶
277 2241 313 2274 S.
334 2241 585 2279 EAILLANUS,
604 2252 664 2273 seu
684 2241 875 2280 Faillanus,
894 2242 1015 2276 Seotus
1035 2244 1204 2283 eruditus,
1223 2245 1314 2288 apud
1333 2245 1496 2278 Sanctum
1517 2246 1596 2279 Gal-

236 2300 307 2331 lum
343 2297 406 2330 hac
441 2297 515 2330 vita
548 2297 724 2336 decessit?
767 2298 884 2341 inquit
923 2298 1145 2333 Hermannus
1180 2301 1386 2335 Contractus
1420 2303 1455 2334 in
1490 2303 1597 2335 Chro-
