1861 2682
317 232 379 262 <270
690 232 915 263 HISTORIA
939 233 1303 265 ECCLESIASTICA

318 328 432 356 tarum
451 323 629 357 Gallorum
648 329 729 357 tom.
749 332 789 355 11.
809 324 901 366 quod
919 334 1101 366 apponam.

612 417 671 451 Qui
687 416 768 443 Latio
783 416 880 443 Musas
895 414 988 442 sedem
1004 416 1096 443 fixisse
1110 426 1270 453 perennem,

647 463 686 490 Et
700 462 756 489 sola
770 467 847 489 vates
861 461 934 489 dixit
948 462 977 488 in
992 462 1126 494 Ausonia,

611 508 697 536 Haud
712 513 761 535 tua
775 507 910 534 Castalios
924 507 1074 534 referentia
1088 508 1209 535 carmina
1224 514 1319 537 coetus

648 554 778 590 Legerat,
793 558 822 580 et
835 552 937 580 celebri
951 562 1023 589 quae
1037 554 1112 581 canis
1126 563 1214 591 usque
1228 555 1306 592 lyra:

609 600 724 634 Quanta
739 599 897 626 Caledoniis
910 598 962 626 tibi
976 599 1037 626 laus
1051 605 1080 626 et
1094 609 1195 627 nomen
1209 600 1238 627 in
1252 601 1306 628 oris

649 645 792 681 Surgeret,
809 644 903 676 Evati,
918 644 1027 672 nescius
1041 645 1089 672 ille
1103 645 1167 672 fuit.

609 690 739 718 Abduxti
755 690 838 717 Latio
852 689 959 722 Musas,
974 695 1106 727 vatesque
1122 690 1238 718 Latinos

646 736 761 764 Exculti
777 745 892 774 superas
905 735 1011 763 viribus
1025 736 1140 773 ingenii.

694 884 912 918 JACOBUS
937 883 1162 917 ECLINUS.
1214 886 1295 917 500.

313 998 334 1030 J
338 1006 487 1031 ACOBUS
504 997 661 1036 Eclinus,
679 997 787 1030 nobili
806 996 974 1041 sanguine
991 997 1028 1029 in
1043 996 1123 1029 Fifa
1135 1001 1244 1035 ortus,
1259 996 1516 1040 philosophiam
1534 997 1668 1030 Burde-

313 1055 410 1099 galae
429 1054 548 1087 multis
567 1054 666 1086 annis
685 1064 811 1097 magna
829 1052 1034 1086 eruditionis
1057 1053 1169 1096 gloria
1192 1052 1379 1095 professus,
1405 1053 1500 1086 visus
1524 1059 1575 1087 est
1599 1055 1668 1096 ple-

313 1111 428 1153 risque
446 1111 532 1143 nulli
550 1110 588 1142 in
605 1121 645 1143 ea
662 1110 806 1142 scientia
823 1109 952 1141 cedere.
1000 1109 1146 1152 Scripsit

456 1165 498 1198 In
517 1165 684 1210 Logicam
701 1165 900 1198 universam
1180 1165 1238 1197 lib.
1259 1173 1283 1197 1.

459 1222 501 1255 In
519 1221 683 1254 Ethicam
1178 1221 1236 1254 lib.
1257 1231 1294 1254 X.

456 1278 498 1311 In
518 1277 702 1321 Physicam
1172 1277 1231 1310 lib.
1252 1285 1338 1310 VIII.
1362 1287 1450 1320 quae
1469 1279 1543 1322 Jam
1564 1278 1667 1310 audio

504 1335 615 1366 lucem
633 1333 795 1376 accipere,
814 1333 906 1377 quod
925 1341 959 1366 Β.
978 1341 1014 1366 R.
1036 1342 1067 1366 P.
1088 1341 1123 1365 L.
1143 1340 1178 1365 F.

361 1389 522 1422 Excessit
540 1389 767 1433 Burdegalae,
786 1400 829 1422 ex
846 1389 940 1422 febre
958 1389 1121 1434 maligna,
1140 1399 1231 1421 anno
1251 1397 1394 1422 MDCIV.
1413 1399 1539 1433 magno
1557 1389 1663 1421 omni-

313 1446 376 1478 bus
394 1445 448 1478 sui
467 1445 637 1478 desiderio
654 1445 784 1478 relicto.

720 1555 879 1589 DAVID
905 1555 1127 1589 ECLINUS.
1178 1558 1258 1589 501.

312 1670 447 1702 DAVID
466 1668 621 1707 EcIinus,
639 1668 759 1701 Jacobi
777 1667 895 1706 frater,
914 1667 1136 1711 professionis
1154 1667 1257 1699 etiam
1277 1678 1426 1706 consors,
1450 1668 1666 1700 suavissimis

313 1726 466 1758 moribus
497 1736 535 1758 ac
564 1724 756 1757 incredibili
787 1725 983 1757 studiorum
1014 1723 1181 1756 varietate
1211 1723 1438 1767 Burdegalae,
1473 1728 1513 1756 ut
1547 1723 1665 1760 frater,

313 1781 567 1824 philosophiam
604 1780 694 1813 serio
734 1780 921 1822 professus,
955 1780 992 1812 in
1025 1780 1121 1822 lyceo
1155 1778 1442 1821 Monspessulano
1476 1780 1664 1811 multorum

315 1837 576 1870 candidatorum
605 1836 839 1878 disputatione
868 1835 1006 1878 publica
1034 1835 1155 1872 victor,
1184 1834 1346 1867 Lutetiae
1376 1834 1597 1867 humaniores
1628 1846 1666 1867 ac

314 1893 563 1926 mansuetiores
590 1893 708 1925 literas
741 1892 910 1925 docendas
939 1891 1064 1935 elegit;
1096 1895 1171 1923 tum
1201 1890 1238 1922 in
1267 1889 1494 1934 Lugdunensi
1526 1889 1668 1923 Roanae

313 1950 355 1981 ad
385 1948 542 1993 Ligerim
571 1948 777 1980 medicinam
805 1948 950 1980 clinicen
979 1946 1143 1984 exercuit,
1174 1956 1309 1988 semper
1337 1946 1471 1990 ingenti
1501 1946 1544 1979 ab
1573 1947 1666 1991 inge-

313 2006 371 2037 nio
398 2004 492 2037 fama
518 2009 629 2047 parta,
660 2009 700 2036 ut
730 2003 862 2036 nescias
892 2002 1025 2034 felicius
1051 2012 1096 2034 an
1121 2002 1256 2035 doctius
1282 2001 1438 2034 liberales
1464 2006 1555 2035 artes
1586 2003 1666 2035 atti-

313 2061 414 2105 gerit.
469 2059 561 2103 Ejus
592 2064 674 2092 sunt
701 2058 968 2101 quamplurima,
995 2057 1054 2090 sed
1079 2057 1123 2090 ad
1149 2068 1203 2090 me
1228 2057 1264 2089 hi
1290 2062 1427 2090 tantum
1454 2058 1566 2100 apices
1592 2068 1667 2100 per·

314 2120 506 2149 venerunt:

457 2171 642 2204 Orationes
661 2170 908 2203 disertissimae
1179 2169 1239 2202 lib.
1260 2178 1283 2201 1.

458 2227 568 2260 Poma
584 2226 814 2259 Autumnalia
1182 2225 1241 2258 lib.
1262 2234 1284 2257 1.

458 2283 536 2316 Ova
553 2282 735 2315 Paschalia
1181 2281 1239 2314 lib.
1261 2290 1284 2313 1.
