1861 2682
199 224 261 252 :324
582 224 808 256 HISTORIA
831 224 1195 256 ECCLESIASTICA

203 316 364 348 dovicum
382 316 424 349 de
441 316 620 355 Ambasia,
639 317 837 359 episcopum
862 314 1076 355 Albiensem,
1101 315 1375 349 Carmelitanum
1401 317 1560 351 habitum

203 372 339 411 induit;
367 373 404 404 in
421 383 490 415 quo
508 376 626 405 sancto
644 372 737 404 vitae
754 371 917 404 instituto
935 370 1086 404 Mariam
1103 372 1271 416 reginam,
1286 371 1458 405 Ludovici
1473 372 1558 406 XII.

203 438 358 467 uxorem,
383 428 579 460 studiorum
596 426 780 460 fautricem
797 427 943 466 invenit,
961 427 1061 471 cujus
1078 428 1285 461 liberalitate
1303 428 1484 473 ingenium
1508 440 1559 462 os-

202 483 363 522 tentavit,
378 484 497 516 doctor
515 483 723 516 Sorbonicus
742 483 876 528 ingenti
894 482 987 515 fama
1004 483 1241 522 renunciatus,
1256 483 1404 517 Tolosae
1422 483 1560 517 Carme-

202 540 344 573 litarum
363 540 620 580 coenobiarcha,
639 552 678 574 ac
696 541 881 574 Francisco
905 539 933 573 Ι.
959 540 1034 586 regi
1057 551 1078 573 a
1100 541 1206 574 sacris
1230 541 1487 575 confessionum
1511 552 1562 574 se-

200 596 313 629 cretis.
365 596 490 629 Edidit

342 653 396 686 De
413 652 543 696 duplici
562 651 740 685 Potestate
1073 652 1132 685 lib.
1153 661 1177 685 1.

342 708 603 741 Elucidationes
622 707 881 742 Sententiarum
1069 708 1129 742 lib.
1149 716 1201 741 IV.

341 764 570 803 Quaestiones
588 763 792 807 Vesperales
1066 764 1126 798 lib.
1147 774 1171 797 1.

340 820 568 853 collectiones
586 819 792 853 Sorbonicas
1065 821 1127 854 lib.
1147 829 1172 853 Ι.

340 875 384 909 In
402 875 549 909 Politica
568 875 773 909 Aristotelis
1070 877 1130 910 lib.
1149 884 1237 910 VI11.

338 932 392 965 De
409 931 560 965 Animae
578 932 743 965 Potentia
761 932 890 976 triplici
1065 933 1125 966 lib.
1145 941 1170 966 1.

339 988 393 1021 De
410 993 550 1021 aeterno
568 988 701 1021 Christi
720 987 844 1033 Regno
1067 989 1126 1022 lib.
1148 998 1172 1022 1.

339 1044 519 1078 Summam
538 1044 750 1089 Theologiae
768 1055 883 1078 sacrae
1060 1045 1120 1078 lib.
1140 1053 1164 1078 Ι.
1216 1044 1332 1079 Multa
1350 1046 1418 1080 alia
1435 1046 1557 1080 Balae-

387 1112 428 1134 us
447 1105 638 1141 enumerat,
656 1101 717 1144 qui
736 1101 772 1133 in
790 1110 952 1144 praesens
969 1111 1040 1133 non
1059 1107 1111 1134 est
1128 1101 1172 1134 ad
1190 1112 1346 1135 manum.

337 1157 566 1190 Scholasticos
584 1157 621 1189 in
639 1156 812 1189 Davidem
831 1156 1108 1190 Commentarios
1150 1157 1209 1190 lib.
1230 1166 1254 1190 1.
1305 1157 1395 1192 Sixt.
1414 1158 1554 1192 Senens.

386 1213 446 1246 lib.
467 1222 517 1246 1V.
535 1213 773 1246 Bibliothecae
791 1212 948 1246 Sanctae.

241 1270 377 1303 Claruit
403 1280 494 1302 anno
521 1277 594 1302 MD.
621 1273 682 1302 aut
708 1273 846 1312 praeter
870 1274 1023 1312 propter,
1052 1279 1219 1314 magnum
1244 1270 1340 1314 genti
1366 1281 1410 1303 ac
1442 1272 1554 1304 ordini

192 1337 254 1359 suo
273 1330 521 1359 ornamentum
537 1338 547 1367 3
574 1325 635 1358 ubi
654 1325 790 1364 obierit,
809 1335 881 1358 non
898 1325 1060 1369 comperi.

589 1435 799 1470 THOMAS
824 1435 1018 1470 GRAIUS.
1070 1435 1151 1470 606.

195 1551 370 1584 THOMAS
398 1550 526 1584 Graius
555 1549 826 1588 Aberdonensis,
851 1554 962 1582 matre
987 1548 1088 1582 Elisa
1112 1548 1321 1593 Dempstera
1350 1562 1392 1584 ex
1422 1551 1553 1584 familia

192 1607 386 1646 Mureskia,
412 1606 521 1639 nobili
548 1608 621 1639 loco
647 1610 763 1644 natus,
793 1605 849 1638 vir
879 1606 986 1638 sacris
1016 1605 1128 1638 literis
1163 1610 1198 1638 et
1225 1606 1474 1650 philosophicis
1502 1609 1552 1640 in-

192 1663 460 1702 structissimus,
487 1662 532 1695 ab
561 1663 703 1695 ineunte
737 1665 849 1694 aetate
881 1660 927 1694 D.
958 1661 1135 1694 Francisci
1164 1661 1333 1695 familiam
1362 1663 1550 1707 ingressus,

191 1719 434 1752 Abel-(lonensi
454 1718 617 1752 coenobio
635 1717 798 1760 praefuit,
824 1721 899 1750 tum
923 1728 1001 1750 cum
1024 1717 1147 1762 religio
1171 1717 1361 1757 Catholica,
1385 1719 1472 1761 proh
1496 1730 1552 1752 ne-

192 1775 266 1807 fas!
294 1786 311 1808 e
340 1774 458 1808 Scotia
487 1774 737 1813 eliminaretur,
769 1777 804 1806 et
831 1773 1085 1807 haereticorum
1114 1774 1224 1807 furori
1251 1774 1400 1807 viriliter
1424 1776 1551 1808 restitit

191 1830 384 1870 scribendo,
403 1831 566 1868 docendo,
585 1829 806 1873 disputando,
825 1830 1001 1875 egregiam
1019 1840 1141 1863 causae
1158 1830 1235 1873 piae
1252 1835 1445 1864 navaturus
1473 1842 1551 1873 ope-

191 1897 274 1919 ram.
327 1886 472 1930 Scripsit

336 1943 605 1976 Admonitiones
623 1943 665 1975 ad
685 1941 881 1975 Novatores
903 1974 907 1978 ,
1206 1942 1264 1976 lib.
1286 1951 1309 1975 1.

335 1999 376 2031 In
396 2000 597 2032 universam
615 1998 817 2031 Aristotelis
835 1996 1095 2040 Philosophiam
1204 1998 1264 2031 lib.
1284 2007 1308 2032 1.

337 2054 567 2087 Concordiam
586 2054 631 2086 D.
650 2053 809 2086 Thomae
826 2057 860 2086 et
878 2052 971 2086 Scoti
1204 2054 1262 2087 lib.
1284 2063 1307 2087 1.

333 2109 510 2153 Epistolas
529 2111 572 2143 ad
592 2109 695 2142 Cives
712 2120 793 2142 suos
1199 2110 1259 2143 lib.
1279 2119 1304 2143 1.
1331 2110 1428 2148 Quae
1447 2112 1549 2143 audio

381 2165 498 2198 omnia
514 2166 551 2198 in
569 2166 681 2198 lucem
698 2164 832 2198 emitti:
858 2165 931 2208 ipse
949 2170 1039 2199 certe
1065 2165 1185 2200 sedulo
1210 2170 1290 2200 ante
1316 2166 1448 2200 obitum
1476 2178 1548 2199 cor-

384 2222 477 2255 rexit
494 2221 642 2266 singula,
660 2232 699 2254 ac
716 2220 897 2264 disposuit.

335 2277 377 2311 In
394 2277 522 2311 Libros
540 2277 800 2311 Sententiarum
1204 2277 1263 2311 lib.
1284 2286 1334 2310 lv,
