1861 2682
220 272 260 302 94
596 268 820 301 HISTORIA
843 266 1206 300 ECCLESIASTICA

741 415 777 448 S.
805 413 916 453 BUO.
970 412 1048 449 167.

223 531 256 563 S.
283 531 367 563 BUO
393 534 503 572 poeta,
527 532 754 573 cognomento
778 526 927 564 Bai-dus,
950 525 986 558 id
1009 530 1061 558 est
1083 535 1165 558 voce
1188 524 1323 558 Scotica
1345 525 1491 568 sapiens,
1515 526 1578 558 hoc

222 586 314 618 enim
332 586 367 617 id
385 589 487 618 sonat
504 584 625 629 lingua
648 587 764 616 vetere
787 585 952 620 nostrate,
977 581 1068 613 unde
1091 579 1200 613 Bardi
1223 580 1279 613 hic
1302 591 1408 624 supra
1430 581 1579 623 philoso-

220 643 368 684 phorum
387 645 499 679 secta3
518 640 574 672 hic
591 650 673 672 vero
690 638 745 671 vir
761 636 981 670 doctissimus
994 636 1100 680 juxta
1117 646 1156 669 ac
1173 636 1412 669 sanctissimus
1430 637 1466 669 in
1480 647 1576 669 mon-

220 698 310 730 tanis
336 695 471 729 Scotiae
497 695 607 728 vitam
633 693 845 727 eremiticam
874 691 1043 730 traduxit,
1069 692 1112 724 de
1131 702 1205 735 vquo
1231 692 1362 725 incolae
1386 692 1577 725 etiamnum

220 753 321 786 hodie
344 752 433 784 mira
454 754 609 789 narrant,
633 750 703 788 sed,
727 749 794 781 nisi
817 747 931 786 fallor,
955 747 1174 791 apocrypha:
1206 758 1286 780 nam
1313 757 1391 780 eum
1417 758 1487 781 uno
1504 749 1578 780 loco

220 813 349 850 septem
369 807 480 845 annis,
497 806 597 850 quasi
614 810 745 849 septem
763 804 895 843 diebus,
913 803 1064 836 haesisse
1081 804 1244 846 produnt,
1262 804 1392 846 majore
1407 808 1504 846 parte
1521 813 1577 836 ex-

219 864 284 897 tasi
303 867 452 906 raptum,
470 866 510 895 ut
528 860 562 894 S.
582 860 754 900 KaniIlus,
773 860 962 902 discipulus
980 863 1014 892 et
1031 859 1247 898 secretarius,
1264 859 1385 892 retulit
1402 859 1494 902 apud
1517 859 1539 890 J
1543 870 1577 891 o-

217 929 342 952 annem
360 917 663 961 Campumbellum
684 915 899 952 historicum,
922 919 957 948 et
980 925 1097 948 recens
1120 915 1213 958 apud
1236 925 1293 948 eos
1316 915 1493 953 memoria,
1516 915 1577 957 qui

217 976 364 1018 hymnos
390 974 466 1017 ejus
491 972 609 1006 sedulo
632 972 798 1005 recolunt.
844 969 946 1003 Vixit
971 970 1008 1003 in
1033 970 1251 1015 Argathelia,
1278 970 1336 1003 ubi
1364 980 1498 1003 eremus
1524 980 1577 1003 os·

218 1030 383 1063 tenditur.
435 1028 582 1072 Scripsit

363 1084 501 1118 Laudes
519 1083 706 1116 Trinitatis
723 1081 783 1115 SS.
1135 1082 1194 1114 lib.
1214 1091 1238 1114 1.

361 1140 415 1173 De
432 1139 542 1172 Cruce
558 1138 702 1172 Domini
1136 1137 1195 1170 lib.
1216 1146 1239 1169 I.

362 1195 570 1238 Prophetias
588 1194 630 1227 de
648 1193 772 1238 Regno
790 1192 926 1226 Scotiae
1134 1192 1194 1226 lib.
1215 1201 1239 1224 1.

263 1251 400 1286 Floruit
417 1261 508 1284 anno
527 1258 704 1284 DCCXCII.
724 1249 799 1294 regi
815 1248 951 1282 Achaio
967 1248 1159 1287 familiaris,
1178 1253 1222 1285 et,
1240 1253 1281 1280 ut
1299 1247 1320 1280 J
1324 1248 1449 1281 acobus
1463 1247 1574 1291 Chey-

216 1319 300 1341 neus
318 1312 431 1350 putat,
450 1305 690 1344 confessarius,
715 1304 770 1338 cui
792 1304 835 1337 de
856 1314 964 1348 regno
981 1304 1113 1337 Pictico
1130 1303 1240 1337 multa
1258 1303 1440 1345 praedixit.
1493 1303 1574 1336 Cor-

215 1375 279 1406 pus
297 1362 441 1396 Ornesci
459 1363 496 1395 in
514 1360 643 1395 Insulis
661 1360 830 1404 quiescit;
857 1359 930 1393 dies
948 1360 1110 1392 incertus.

744 1455 780 1488 S.
809 1455 920 1489 BUO.
974 1453 1053 1488 168.

217 1532 252 1564 S.
272 1531 368 1569 BUO,
387 1530 476 1563 alius
494 1540 515 1562 a
532 1527 766 1572 praecedente,
784 1538 878 1560 more
896 1527 1028 1571 patriae
1045 1536 1127 1559 suae
1145 1530 1179 1558 et
1196 1526 1418 1568 popularium
1442 1530 1574 1559 sancto-

216 1598 293 1620 rum
327 1586 443 1619 Scotia
477 1594 646 1629 egressus,
680 1584 717 1616 in
751 1583 1021 1627 septentrionem
1053 1581 1205 1614 intendit
1237 1591 1390 1619 cursum,
1432 1586 1472 1614 ut
1506 1581 1571 1614 Dei

215 1643 360 1687 gloriam
380 1645 598 1685 propagaret,
617 1645 652 1673 et
669 1640 706 1672 in
725 1638 913 1672 Islandiam
930 1639 1075 1676 delatus,
1098 1647 1234 1670 summa
1258 1638 1442 1670 sanctitate
1464 1648 1572 1680 popu-

217 1701 288 1731 lum
303 1697 482 1735 instruxit,
501 1696 746 1729 miraculorum
761 1694 874 1739 gratia
889 1694 1061 1728 inclaruit.
1113 1693 1248 1726 Auctor
1265 1692 1446 1737 Arngrim.
1465 1692 1572 1725 Jonas

215 1756 251 1786 in
269 1754 414 1786 historia
431 1753 524 1785 illius
541 1751 666 1796 gentis.
717 1751 864 1794 Scripsit

364 1808 536 1842 Homilias
554 1808 597 1840 ad
614 1807 771 1840 Islandos
1132 1805 1191 1838 lib.
1212 1814 1235 1837 1.

263 1865 399 1897 Floruit
417 1874 508 1897 anno
528 1871 695 1896 Deccxc.
721 1863 786 1895 sub
810 1873 890 1907 rege
913 1861 1094 1906 Gregorio,
1117 1861 1177 1904 qui
1201 1861 1334 1903 primus
1351 1871 1473 1904 regum
1496 1871 1572 1893 nos-

215 1927 346 1954 trorum
366 1920 486 1953 foedus
504 1929 582 1952 cum
603 1918 712 1953 Gallis
730 1918 881 1951 iteravit.
932 1917 1016 1950 Dies
1034 1917 1195 1949 incertus.

568 2027 860 2062 GULIELMUS
887 2027 1080 2061 BAILZE.
1133 2027 1212 2064 169.

216 2148 235 2161 ··'
261 2143 503 2175 GULIELMUS
538 2141 657 2174 Bailze
691 2140 824 2179 ScotuS,
862 2139 1172 2182 Transalpinorum
1215 2140 1252 2173 in
1295 2141 1469 2173 academia
1503 2140 1568 2173 Bo-

214 2198 369 2232 noniensi
400 2202 522 2235 rector,
552 2202 671 2240 postea
704 2196 892 2229 medicinae
926 2194 1047 2228 diebus
1081 2195 1213 2229 feriatis
1251 2197 1388 2235 lect01·,'’
1425 2197 1473 2229 ait
1507 2196 1568 2228 Ni-

214 2256 329 2288 colaus
364 2253 570 2286 Paschasius
604 2252 795 2290 Alidosius,
830 2251 977 2296 diligens
1011 2251 1207 2290 historicus,
1244 2253 1280 2284 in
1311 2251 1567 2284 Professoribus

215 2309 413 2354 Peregrinis
435 2319 514 2353 pag.
538 2316 716 2341 XXXVIII.
768 2307 836 2340 Hie
861 2317 941 2341 vero
965 2318 1007 2340 ex
1031 2307 1089 2340 illa
1112 2307 1326 2341 nobilissima
1343 2312 1375 2340 et
1394 2307 1568 2340 serenissi-
