1861 2682
587 233 760 266 GENTIS
784 232 1056 271 SCOTORUM,
1081 233 1169 265 LIB.
1193 233 1270 265 VlI.
1549 234 1611 265 317

251 328 419 372 quamdiu
442 326 479 360 in
502 326 732 361 Craufurdiae
750 326 892 360 Ericeto
910 326 1129 366 exercuisset,
1156 325 1274 360 creber
1297 325 1341 359 ad
1367 335 1446 358 eum
1469 335 1610 358 concur—

251 395 310 418 sus
337 384 450 418 omnis
479 385 602 417 aetatis
627 384 808 417 hominum
839 382 1031 416 ferventem
1062 382 1325 416 meditationem
1355 381 1610 424 interrumpere

252 441 348 474 visus
374 445 447 480 est;
478 440 554 473 ideo
581 451 661 474 cum
690 439 728 472 in
756 438 963 472 Hiberniam
989 439 1222 477 contenderet,
1248 442 1353 471 vento
1378 437 1550 470 renitente
1574 436 1612 469 in

253 496 461 540 Hispaniam
479 497 638 541 rejectus,
663 500 698 529 et
722 496 822 539 quasi
843 494 909 528 Dei
934 496 1114 528 voluntate
1140 505 1180 527 eo
1205 494 1350 533 delatus,
1372 494 1421 527 sic
1444 494 1537 527 enim
1561 492 1613 525 in-

251 552 518 596 terpretabatur,
553 553 597 585 ad
632 552 847 595 Carpetanos
880 551 918 584 in
951 550 1205 584 Tarraconensi
1238 550 1353 594 angeli
1386 550 1524 583 monitu
1553 560 1613 582 vo-

251 613 359 647 catus,
382 609 534 651 seipsum
559 608 786 646 orationibus,
810 608 952 652 vigiliis,
978 607 1123 651 aliisque
1146 606 1300 650 corporis
1323 605 1614 639 macerationibus

252 665 440 703 oblectans,
459 665 620 698 coelestia
641 668 694 698 est
717 669 906 697 assecutus.
956 663 1069 697 Extat
1093 662 1244 697 officium
1265 673 1391 696 novem
1414 662 1613 701 lectionum,

250 732 268 754 e
285 720 413 764 quibus
432 721 500 754 ista
524 721 726 764 desumpsi:
751 720 948 754 ostenditur
971 721 1055 753 cella
1077 730 1148 753 non
1170 720 1273 765 longe
1295 719 1381 753 urbe
1398 719 1495 763 regia
1512 717 1615 751 Man-

250 783 322 816 tua,
352 778 459 822 vulgo
487 777 665 817 Madrit03
693 781 729 811 et
756 787 858 820 saepe
884 776 1048 810 eremitae
1075 776 1124 810 ibi
1154 775 1259 816 Scoti,
1286 779 1328 809 ut
1352 775 1473 809 retulit
1498 774 1542 808 R.
1572 774 1613 807 P.

251 832 442 873 Pantonus,
457 834 614 867 sacerdos
629 833 841 872 Catholicus‚
859 833 920 877 qui
933 833 995 866 diu
1008 833 1099 866 eoin
1115 843 1224 878 regno
1241 840 1408 873 moratuS,
1423 842 1525 876 saepe
1539 841 1615 866 eam

251 900 406 923 eremum
425 890 604 924 visitabat.
655 889 802 933 Scripsit

395 945 576 980 Exercitia
593 946 794 990 spiritualia
1119 945 1179 980 lib.
1199 954 1224 979 1.

296 1001 394 1036 Obiit
413 1013 504 1036 anno
521 1010 764 1036 Decccxxel.
814 1001 899 1035 Dies
918 1002 1032 1036 cultus
1050 1001 1202 1036 incertus
1220 1001 1315 1045 apud
1331 1010 1398 1035 me.

661 1113 696 1148 S.
725 1113 963 1148 GUALAFE
968 1113 1075 1148 RUS.
1125 1116 1207 1152 590.

253 1225 288 1259 S.
316 1226 603 1266 GUALAFERUS‚
630 1227 805 1261 confessor
834 1232 870 1261 et
898 1227 1090 1271 episcopus,
1120 1228 1186 1262 hoc
1210 1232 1274 1268 est,
1301 1227 1487 1272 episcopali
1512 1227 1617 1261 titulo

250 1293 345 1323 usus,
386 1283 430 1316 ad
460 1283 656 1316 liberiorem
691 1284 864 1329 evangelii
897 1284 1202 1327 praedicationem,
1240 1284 1276 1318 S.
1316 1285 1484 1318 Rumoldi
1521 1283 1616 1318 Seoti

250 1350 363 1373 comes
393 1344 428 1373 et
456 1339 659 1382 discipulus,
690 1350 769 1373 cum
799 1351 839 1373 eo
875 1351 917 1373 ex
951 1341 1066 1383 patria
1100 1341 1138 1374 in
1169 1341 1334 1387 Belgium
1363 1341 1510 1385 appulit,
1545 1351 1618 1374 om-

250 1397 348 1430 nium
377 1397 547 1436 laborum,
577 1408 688 1441 usque
719 1398 763 1430 ad
793 1397 1014 1441 martyrium,
1044 1398 1228 1441 particeps.
1287 1397 1440 1432 Joannes
1467 1397 1617 1431 Domius

252 1453 289 1486 in
307 1453 393 1487 Vita
410 1453 504 1486 illius
523 1454 645 1487 sancti.
689 1453 763 1487 Nec
784 1455 887 1498 plura
909 1454 952 1486 de
977 1464 1017 1487 eo
1037 1454 1125 1487 mihi
1148 1459 1334 1498 comperta.
1374 1455 1517 1489 Scotum
1537 1465 1617 1488 eum

252 1509 370 1548 fuisse,
389 1514 430 1543 ut
449 1514 483 1542 et
500 1510 720 1554 magistrum,
749 1515 886 1554 praeter
911 1521 951 1543 ea
976 1521 1064 1554 quae
1090 1510 1149 1544 lib.
1169 1519 1253 1544 XVI.
1276 1510 1369 1544 infra
1391 1511 1507 1549 habes,
1531 1510 1619 1543 adde

252 1566 309 1599 hic
339 1567 454 1599 locum
485 1565 636 1599 Arnoldi
668 1566 861 1599 Mirmanni
892 1565 1047 1600 Theatro
1073 1566 1319 1601 Conversionis
1345 1566 1512 1601 Gentium
1538 1578 1618 1613 pag.

251 1631 342 1655 X111.
357 1622 417 1655 ubi
437 1622 567 1661 scribit,
589 1626 609 1641 “
628 1622 804 1656 Rumoldo
822 1627 954 1661 autore,
974 1622 1122 1656 Davidis
1141 1623 1276 1657 Scotiae
1293 1624 1385 1669 regis
1403 1623 1484 1663 filio,
1499 1623 1620 1657 Mach-

251 1679 413 1711 linienses
431 1679 581 1712 insertos
599 1677 742 1712 Christo
755 1679 786 1712 :”
810 1683 845 1712 et
868 1678 925 1711 hic
949 1678 1068 1712 David
1091 1690 1162 1713 non
1184 1691 1246 1713 rex
1264 1679 1410 1720 Scotiae,
1435 1681 1494 1713 sed
1513 1680 1621 1714 frater

253 1735 345 1779 regis
371 1734 520 1773 Ethfini,
546 1739 587 1768 ut
612 1734 649 1767 in
675 1733 910 1773 veremundo,
936 1739 971 1768 et
996 1739 1109 1769 aetate
1135 1736 1195 1769 illa
1219 1747 1338 1770 omnes
1361 1737 1477 1781 regiae
1500 1738 1620 1781 stirpis

251 1801 348 1836 reges
366 1791 491 1829 vocati,
509 1795 550 1823 ut
567 1790 626 1823 lib.
648 1799 689 1823 11.
709 1790 882 1834 Apparat.
903 1790 996 1824 Scot.
1017 1802 1091 1835 cap.
1112 1801 1136 1825 1.
1156 1797 1355 1826 ostensum:
1381 1793 1467 1826 adde
1485 1795 1621 1838 elegan-

252 1852 321 1880 tem
346 1847 459 1880 locum
482 1846 612 1891 Rogeri
639 1846 822 1880 Hovedeni
850 1853 942 1890 part.
965 1856 1006 1881 11.
1033 1847 1164 1882 Annal.
1187 1859 1267 1894 pag.
1287 1858 1484 1883 CCCCXXV.
1509 1854 1543 1883 et
1566 1861 1619 1883 res

252 1905 345 1936 clara.
362 1908 425 1936 est.

301 1959 439 1992 Claruit
456 1969 548 1992 anno
567 1967 792 1992 DCCLXXIX.
843 1959 927 1993 Dies
946 1961 1110 1994 incertus.

635 2071 670 2104 S.
698 2071 1107 2107 GRUNDIBERTUS.
1159 2076 1240 2112 591.

254 2183 290 2217 S.
309 2182 633 2217 GRUNDIBERTUS
651 2183 786 2224 Scotus,
805 2185 998 2229 episcopus,
1024 2187 1230 2233 peregrinus
1256 2188 1293 2221 in
1319 2188 1433 2222 Gallia
1457 2189 1622 2232 martyri-

254 2251 315 2273 um
337 2239 604 2279 consummavit,
628 2244 663 2273 et
686 2241 878 2284 pretiosum
902 2252 1026 2285 corpus
1052 2243 1198 2277 Rhemis
1224 2244 1428 2285 honoratur,
1453 2250 1493 2278 ut
1518 2245 1620 2278 habet

254 2295 402 2329 historia
419 2296 632 2336 monastica3
661 2301 774 2331 cetera
792 2298 885 2340 apud
902 2308 957 2331 me
974 2299 1114 2342 penitus
1131 2299 1264 2345 ignota.
