1861 2682
428 356 703 391 THOMAE
739 354 1140 388 DEMPSTERO
1181 354 1395 392 SCOTO,

539 445 746 478 Academiae
764 444 912 477 Noe'ris
930 442 1107 475 Bononiae
1127 441 1287 484 ascripto,

246 533 349 568 Viros
366 532 514 567 Patriae
531 542 616 565 Suae
634 529 738 564 illust.
746 531 828 575 jam
845 534 949 563 antea
966 527 1157 573 descriptos
1174 527 1208 561 in
1227 526 1334 561 lucem
1358 539 1448 562 nunc
1471 528 1590 562 edente

502 626 691 657 ADMOD.
724 626 763 655 R.
795 625 832 654 P.
863 623 1118 654 BASSIANO
1149 623 1328 657 GATTO,

579 717 751 750 Monacho
769 715 973 748 Ereniitano
994 714 1028 746 S.
1049 713 1266 758 Hieronymi,

773 807 1064 839 EPIGRAMMA.

408 929 511 960 Sidera
526 934 599 969 quot
615 937 731 957 summo
748 926 790 956 sol
806 932 892 955 nocte
907 925 1018 954 colotat
1033 924 1176 965 Olympo,

452 980 572 1009 NOCTE
589 977 722 1007 Thomas
738 976 818 1006 coelo
835 982 878 1005 tot
895 975 1011 1005 scotiae
1026 975 1205 1011 accumulat,

410 1030 506 1060 Nube
522 1030 590 1059 dein
604 1029 715 1058 frustra
732 1026 816 1066 cupit
831 1032 894 1055 atra
910 1025 1018 1054 oblivio
1035 1024 1149 1054 coelum

454 1081 600 1115 Obruem,
616 1085 651 1108 ut
666 1083 788 1118 pereant
804 1083 848 1106 tot
863 1080 1058 1105 monumenta
1073 1073 1137 1103 viri.

410 1132 469 1161 Ast
485 1130 526 1159 illi
541 1129 673 1159 rediviva
688 1128 767 1168 typis
783 1137 860 1156 nova
874 1125 989 1155 lumina
1004 1131 1138 1164 surgent,

454 1180 499 1210 Ut
514 1180 573 1209 sint
587 1185 733 1219 perpetua
748 1178 779 1207 in
795 1177 915 1207 NOCTE
931 1175 1070 1204 habitura
1085 1174 1172 1204 diem.

412 1231 572 1271 Dempster
587 1229 777 1269 Apollineus,
794 1227 835 1256 sie
850 1236 918 1256 cum
933 1226 1010 1255 Jove
1020 1225 1147 1265 junctus
1162 1224 1267 1261 amico,

454 1280 567 1310 Influet
582 1280 613 1309 in
628 1279 731 1315 vitam,
747 1284 782 1307 ut
798 1282 901 1306 vernet
916 1276 953 1305 ab
970 1275 1097 1315 eloquio.

773 1377 914 1407 Honoris
929 1386 999 1414 erqo
1010 1376 1118 1414 posuit
1133 1375 1276 1405 Ovmms
1294 1375 1564 1411 MONTALEANL³S‚

878 1427 1082 1465 Ruyz'adosus
1097 1426 1300 1456 Academica-s·
1315 1427 1432 1456 Noctis.

473 1638 679 1670 ROBERTI
703 1637 833 1668 BODII
857 1636 1220 1667 ABREDONENSIS
1244 1635 1380 1666 SCOTI.

418 1737 535 1767 Heroos
551 1737 675 1773 animos,
692 1736 815 1776 aevique
831 1741 950 1765 aeterna
966 1734 1106 1764 Britanni

417 1787 500 1817 Dum
518 1794 551 1817 tu
566 1794 651 1827 gesta
666 1786 756 1823 canis,
773 1786 962 1826 Dempstere,
978 1785 1152 1825 potentibus
1167 1784 1264 1824 impar

416 1838 550 1867 Tantum
567 1837 721 1873 coelicolis,
738 1836 822 1876 queis
838 1846 915 1865 mors
930 1835 1082 1865 velocibus
1099 1834 1179 1864 horis

417 1887 485 1917 Jam
497 1888 587 1927 jubet
603 1898 665 1917 esse
680 1897 792 1927 parem,
809 1886 902 1915 nescit
919 1892 971 1915 tua
987 1885 1086 1914 Scotia
1101 1884 1205 1914 laudes

417 1937 476 1968 Cui
491 1938 602 1967 tribuat
618 1948 712 1972 veras,
729 1943 828 1966 tantae
843 1935 998 1975 praeconia
1013 1935 1119 1971 famae,

420 1988 452 2017 Si
467 1988 521 2017 tibi
537 1988 598 2017 sive
614 1987 680 2023 sibi,
697 1987 738 2016 sic
754 1996 853 2016 secum
869 1985 962 2025 gloria
977 1990 1088 2019 certat3

420 2038 479 2067 Sed
494 2044 564 2067 nato
580 2037 687 2066 debere
702 2047 755 2066 suo
771 2046 836 2065 mea
853 2035 951 2064 Scotia
966 2035 1088 2075 gaudet,

421 2088 464 2117 Et
479 2088 602 2128 gaudes,
619 2097 695 2122 care,
712 2093 747 2115 tu
762 2085 863 2115 tollere
876 2091 960 2125 gesta
974 2084 1113 2125 parentis.

423 2137 567 2168 Mortales
584 2148 637 2167 sua
652 2137 741 2166 busta
755 2135 863 2165 fleant:
888 2135 1059 2175 patriaeque
1075 2134 1188 2176 tibique

419 2188 471 2218 Tu
486 2188 561 2217 vivis
577 2194 644 2228 post
659 2187 738 2221 fata;
764 2186 808 2216 tui
824 2197 919 2215 novus
934 2185 1030 2215 incola
1045 2185 1128 2222 coeli,

420 2238 556 2278 Despicis
572 2237 708 2267 aethereo
723 2236 860 2266 mortales
875 2235 983 2265 vertice
999 2246 1091 2265 curas.

420 2288 487 2318 Aut
503 2294 555 2318 tua
565 2288 629 2328 jam
645 2288 723 2317 dicat
738 2286 876 2327 genuisse
891 2286 1048 2316 Britannia
1063 2296 1186 2321 numen,

421 2339 487 2369 Aut
502 2339 640 2379 genuisse
655 2348 743 2368 suum
758 2337 909 2368 fateantur
923 2336 1047 2367 numina
1063 2337 1195 2367 Scotum.
