1861 2682
634 234 804 266 GENTIS
829 233 1098 271 SCOTORUM‚
1122 234 1210 264 LIB.
1234 235 1270 264 V.
1573 237 1630 266 251

678 383 711 415 S.
740 382 1098 415 ETHERNANUS.
1150 385 1230 420 459.

275 496 309 527 S.
330 495 625 533 ETHERNANUS‚
649 495 802 537 aequalis
821 505 859 527 ac
877 494 1067 537 discipulus
1092 494 1137 527 D.
1165 494 1363 534 Columbae,
1392 505 1430 527 ac
1456 506 1561 538 nepos
1587 506 1629 528 ex

275 562 401 583 sorore.
454 550 555 584 Hect.
575 550 699 583 Boeth.
719 550 777 583 lib.
798 559 852 583 IX.
879 549 1012 583 Histor.
1033 550 1155 584 Scotic.
1182 562 1260 596 pag.
1281 560 1434 584 CLXVII.
1486 551 1627 585 Monas-

274 606 361 639 terio
379 606 500 639 Divini
520 606 637 645 Ruris,
658 610 698 639 ut
716 611 851 645 vocant,
869 607 1107 649 praepositus3
1126 611 1201 639 erat
1218 611 1335 640 autem
1353 608 1440 640 illud
1457 618 1567 640 unum
1586 619 1628 640 ex

274 663 524 706 antiquissimis
543 674 583 695 ea
600 662 636 694 in
660 667 773 707 gente,
801 662 1013 696 habitatione
1036 663 1129 695 illius
1147 663 1356 696 sanctissimi
1375 664 1442 696 viri
1466 664 1627 696 nobilita-

274 723 359 757 tum,
378 723 418 752 ut
435 718 540 751 refert
558 718 592 751 S.
611 718 840 752 Adamannus
859 718 981 752 Scotus
995 719 1032 751 in
1046 718 1129 752 Vita
1147 718 1181 751 S.
1202 718 1390 752 Columbae
1407 720 1466 753 lib.
1487 729 1527 752 11.
1547 731 1626 764 pag.

274 783 392 807 xxm.
422 774 523 807 Joan.
552 774 715 807 Leslaeus
741 775 799 808 lib.
828 784 879 807 IV.
906 785 984 819 pag.
1012 783 1106 807 CLII.
1133 775 1270 818 templis
1296 775 1402 808 variis
1428 776 1465 808 in
1486 776 1568 808 locis
1595 777 1624 808 ei

272 831 392 864 erectis
410 832 465 864 die
483 840 586 864 XXII.
605 830 814 864 Decembris,
869 831 1026 863 Breviar.
1046 830 1168 864 Scotic.
1221 830 1344 863 Edidit
1361 831 1418 864 ille

415 887 521 920 Gesta
538 886 725 919 Columbae
742 886 919 919 Avunculi
1185 887 1243 920 lib.
1264 896 1289 919 1.

319 942 469 975 Vivebat
494 953 584 975 anno
612 950 718 975 Dcvt.
770 942 812 974 In
838 946 973 975 sanctos
999 942 1139 981 relatus,
1167 942 1285 975 Uvion
1311 943 1368 976 lib.
1398 952 1456 976 111.
1485 953 1622 977 cnxw.

270 999 396 1032 colitur
413 999 468 1031 die
488 1007 602 1030 xxlv.
622 998 792 1031 Januarii.

776 1110 811 1144 S.
839 1110 984 1144 ΕΤΤΟ.
1038 1110 1117 1144 460.

269 1224 302 1256 S.
328 1223 451 1261 ETTO,
477 1234 567 1255 uuus
594 1234 636 1256 ex
662 1223 703 1255 iis
729 1224 789 1266 qui
812 1223 963 1256 Scotiam
986 1224 1230 1267 relinquentes,
1254 1226 1371 1258 omnia
1396 1236 1459 1269 pro
1485 1226 1624 1260 Christo

268 1280 340 1323 pati
369 1279 622 1317 sustinuerunt,
652 1279 778 1322 quibus
808 1280 1089 1312 ardentissimum
1122 1284 1243 1313 votum
1273 1292 1411 1314 causam
1442 1282 1519 1315 fidei
1547 1293 1623 1325 pro-

266 1347 414 1369 movere.
482 1334 688 1367 Audiendus
724 1334 924 1379 Sigebertus
963 1335 1152 1368 monachus
1195 1336 1452 1371 Gemblacensis
1495 1338 1624 1373 Chron.

267 1396 287 1410 “
305 1392 448 1424 Praeter
472 1391 535 1424 hos
562 1390 791 1433 (Remaclum,
819 1390 1054 1430 Stabulaeum,
1087 1390 1345 1432 Theodardum,
1379 1393 1621 1434 Landelinum,

267 1447 457 1485 Morosum,
475 1446 685 1486 Aubertum,
712 1446 904 1486 Gislenum,
931 1446 1133 1486 Cellensem,
1160 1447 1426 1493 Maddgarium,
1453 1461 1513 1483 seu
1538 1450 1625 1484 Vin-

215 1531 217 1534 .
266 1504 416 1536 centium
447 1503 662 1546 Trudonem)
693 1507 726 1535 et
755 1503 813 1535 alii
843 1503 945 1536 multi
975 1503 1017 1536 de
1046 1502 1179 1548 Anglia
1206 1505 1261 1537 vel
1289 1505 1406 1538 Scotia
1436 1506 1472 1538 in
1501 1506 1623 1539 Galliis

265 1559 536 1603 peregrinantes,
571 1558 715 1591 verbum
750 1558 816 1591 Dei
850 1559 1078 1598 seminabant,
1109 1561 1329 1604 multumque
1363 1561 1516 1595 fructum
1550 1563 1624 1596 Deo

266 1615 446 1653 faciebant,
465 1615 594 1647 scilicet
613 1614 711 1653 Etto,
729 1614 933 1655 Bertuinus,
958 1615 1162 1659 Eloquius.”
1214 1616 1289 1649 Hos
1313 1622 1430 1650 autem
1455 1630 1524 1651 non
1551 1619 1624 1652 An-

266 1672 352 1715 glos,
379 1671 439 1703 sed
465 1670 585 1704 Scotos
611 1670 729 1709 fuisse,
760 1682 865 1714 supra
893 1672 930 1704 in
956 1672 991 1705 S.
1018 1672 1170 1715 Eloquio
1196 1678 1373 1706 ostensum
1399 1679 1461 1713 est,
1490 1680 1523 1708 et
1549 1675 1624 1708 ideo

265 1731 394 1766 auctor,
411 1737 527 1759 rerum
542 1731 740 1760 nostrarum
756 1728 909 1772 ignarus,
924 1728 1112 1771 prudenter
1125 1729 1316 1768 addiderat,
1336 1735 1356 1748 “
1370 1731 1411 1763 de
1425 1730 1556 1775 Anglia
1571 1734 1623 1764 vel

265 1783 409 1816 Scotia.’‘
473 1782 566 1815 Hinc
600 1783 705 1815 etiam
735 1784 926 1828 peregrinis
957 1790 991 1817 et
1027 1786 1169 1818 exoticis
1205 1786 1431 1829 scriptoribus
1462 1787 1622 1830 frequens

264 1840 401 1872 errandi
425 1840 460 1871 in
486 1839 588 1871 rebus
616 1841 744 1872 nostris
771 1841 902 1873 occasio
929 1841 1160 1880 ministratur,
1187 1842 1279 1885 quod
1308 1843 1374 1874 viri
1401 1844 1520 1881 sancti,
1547 1845 1623 1876 reli-

263 1895 376 1940 gionis
395 1906 476 1939 ergo
494 1896 607 1938 patria
625 1897 826 1928 excedentes
846 1907 906 1939 per
924 1896 1091 1941 Angliam
1116 1897 1182 1930 iter
1205 1898 1356 1941 incipere
1382 1899 1485 1937 soliti,
1512 1899 1620 1944 Angli

264 1951 389 1984 idcirco
416 1951 522 1984 fuisse
549 1952 806 1994 perhibeantur.
870 1952 938 1985 Ubi
966 1954 1118 1986 locorum
1145 1953 1179 1986 S.
1207 1954 1293 1987 Etto
1320 1955 1525 1995 substiterit,
1554 1967 1623 1988 non

263 2007 483 2049 deprehendi,
517 2008 583 2039 nisi
614 2008 649 2039 in
681 2008 843 2041 coenobio
876 2009 906 2041 ei
941 2014 1073 2042 structo
1113 2009 1156 2042 ab
1198 2010 1378 2049 Hilduino,
1419 2011 1623 2045 observante

264 2063 387 2095 Carolo
404 2063 445 2095 de
463 2062 614 2101 villiers,
639 2064 777 2096 doctore
801 2065 973 2109 theologo,
998 2065 1039 2097 ad
1065 2066 1164 2108 epist.
1185 2074 1220 2098 V.
1248 2065 1406 2100 Fulberti
1433 2067 1622 2100 Carnoten-

264 2119 326 2157 sis3
346 2119 387 2151 de
405 2130 474 2162 quo
492 2118 583 2150 infra
601 2119 664 2152 hoc
679 2130 778 2162 opere
793 2121 995 2163 disquiram.
1040 2121 1106 2154 Sed
1125 2134 1169 2155 an
1188 2123 1317 2165 aliquid
1333 2124 1520 2167 scripserit,
1535 2125 1619 2157 mihi

265 2176 531 2217 inexploratum.

312 2231 461 2263 Vivebat
480 2242 570 2264 anno
590 2240 703 2264 DCLIJ
715 2234 768 2264 vel
788 2241 921 2265 DCLVI.
965 2233 1101 2268 Colitur
1119 2236 1156 2268 in
1174 2247 1263 2280 pago
1281 2236 1441 2270 Artesiae
1462 2235 1620 2269 Bienvil-

263 2285 360 2319 lieris
378 2287 432 2319 die
451 2296 488 2319 x.
507 2286 606 2320 Julii.
663 2287 812 2321 Ferreol.
832 2288 977 2322 Locrius
996 2289 1124 2324 Chron.
1145 2291 1243 2336 Belg.
1264 2304 1341 2336 pag.
1363 2301 1426 2325 Lx.
1479 2292 1622 2335 Episco-
