1861 2682
600 243 771 275 GENTIS
796 241 1067 275 SCOTORUM‚
1094 241 1179 272 LIB.
1202 241 1258 271 VI.
1551 241 1607 269 281

252 349 294 370 ex
311 337 333 370 J
336 338 441 371 odoco
460 337 639 376 Metzlero,
660 336 828 369 monacho
846 335 880 368 S.
900 334 1012 367 Galli:
1032 332 1232 377 InggeruS
1249 333 1336 365 male
1355 343 1375 364 a
1393 332 1534 364 Molano
1553 343 1611 365 vo-

253 399 352 426 catur
371 394 406 425 in
424 392 606 425 Addition.
626 392 668 424 ad
687 391 841 424 Usuardi
860 391 1089 434 Martyrolog.
1108 390 1219 432 pridie
1238 399 1345 421 nonas
1366 388 1524 426 Martias,
1543 399 1612 431 quo

252 450 308 482 die
330 449 439 481 sancti
464 448 569 492 hujus
597 448 764 480 memoria
789 447 962 480 recolitur.
1013 445 1184 490 Aegidius
1211 445 1371 477 Tscudus
1390 444 1426 476 in
1451 444 1613 486 Descrip-

252 506 345 537 tione
376 505 547 537 Rhaetiae
577 504 727 546 Alpinae
762 514 834 546 cap.
868 511 939 535 XII.
1005 501 1073 534 Hic
1108 506 1235 540 noster,
1270 502 1334 533 etsi
1369 500 1429 533 SS.
1467 511 1612 533 numero

252 560 435 603 ascriptus,
462 565 514 592 tot
540 560 716 592 miraculis
743 560 906 603 inclytus,
933 563 985 591 tot
1003 558 1292 590 monasteriorum
1311 561 1346 589 et
1363 556 1611 589 monachorum

255 620 365 658 pater,
391 620 494 658 atque
522 616 626 647 etiam
652 616 891 648 celeberrimae
915 614 1029 659 gentis
1054 614 1241 657 apostoluS‚
1269 618 1386 646 tamen
1404 624 1424 645 a
1442 616 1612 655 martyro-

252 671 352 715 logiis
371 671 543 709 omnibus,
568 672 660 714 quod
684 672 801 709 sciam,
827 671 923 703 abest
949 671 1113 713 antiquis.
1166 669 1358 702 Meminere
1383 670 1474 701 inter
1499 679 1614 701 receu-

252 727 356 760 tiores
383 726 477 760 Petr.
505 726 714 765 Galesinius,
745 732 779 760 et
806 727 911 759 Felic.
940 727 977 759 in
1002 726 1296 770 Ephemeridibus
1322 734 1375 758 VI.
1401 726 1457 758 die
1479 725 1611 758 Martii.

253 783 398 826 Scripsit

400 838 671 872 Exhortationes
690 839 857 882 quasdam
1174 837 1231 870 lib.
1254 847 1277 870 1.

400 895 589 938 Praecepta
607 896 649 927 ad
669 895 860 928 Monachos
1175 894 1233 926 lib.
1254 903 1278 926 Ι.

399 950 456 983 Α(1
475 951 704 995 Augustanos
1174 950 1232 982 lib.
1256 959 1277 982 ῐ.

400 1006 491 1039 Acta
509 1006 553 1039 D.
575 1006 705 1039 Hilarii
1176 1006 1234 1038 lib.
1257 1015 1280 1038 I.

304 1062 453 1095 Vivebat
471 1074 562 1095 anno
581 1071 771 1095 CCCCXCV.
793 1066 854 1095 aut
874 1071 968 1096 DLX.
1004 1062 1151 1095 Arnold.
1172 1062 1230 1095 lib.
1249 1071 1306 1094 111.
1323 1062 1401 1107 Lig.
1416 1062 1519 1095 Vitae
1537 1073 1615 1106 pag.

258 1127 370 1151 LXIX.

661 1214 695 1247 S.
725 1214 1079 1248 FRIDEGANDIS.
1131 1217 1212 1248 515.

255 1286 289 1319 S.
311 1286 625 1319 FRIDEGANDEM
643 1286 786 1319 Scotum
804 1297 875 1319 non
893 1291 965 1319 tam
984 1287 1151 1319 omissum
1170 1298 1189 1319 a
1204 1286 1450 1332 Martyrologii
1468 1287 1619 1320 Romani

256 1344 434 1376 collectore
468 1343 630 1381 demiror,
673 1353 780 1386 quam
815 1343 858 1375 ab
901 1342 1080 1375 annalium
1122 1343 1333 1375 nostratium
1375 1343 1619 1386 scriptoribus,

258 1399 350 1442 apud
368 1409 454 1442 quos
474 1399 583 1431 altum
603 1399 645 1431 de
664 1399 723 1431 illo
746 1404 798 1431 est
821 1399 1010 1432 silentium.
1064 1398 1148 1431 Fuit
1171 1399 1228 1431 hic
1253 1399 1287 1431 S.
1308 1399 1452 1432 Fursaei
1479 1401 1619 1444 collega,

256 1459 290 1487 et
320 1456 432 1488 socius
464 1455 755 1499 peregrinationis
781 1455 817 1487 in
845 1455 983 1494 Scotia3
1015 1466 1091 1487 cum
1128 1455 1188 1487 illo
1218 1456 1394 1494 educatus,
1426 1456 1463 1488 iu
1495 1456 1619 1489 Hiber-

258 1511 350 1543 niam
369 1522 448 1543 cum
466 1511 525 1543 illo
543 1511 691 1555 trajecit,
713 1512 792 1544 inde
811 1512 929 1544 eodem
948 1511 1073 1544 comite
1092 1512 1128 1543 in
1147 1510 1278 1544 Gallias
1297 1512 1473 1545 transivit.
1525 1511 1621 1545 Ano-

260 1577 387 1610 nymus
413 1571 534 1599 auctor
553 1566 590 1598 iu
615 1565 650 1598 S.
678 1566 842 1599 Mononis
868 1566 952 1600 Vita
978 1579 998 1600 a
1024 1567 1126 1600 Surio
1152 1569 1282 1600 relatus
1301 1568 1355 1601 die
1374 1569 1619 1603 XXI1.0ct0b.

258 1628 340 1655 tom.
361 1631 396 1654 V.
448 1622 537 1655 Vide
555 1633 661 1665 supra
678 1623 714 1655 in
733 1623 768 1656 S,
788 1623 946 1656 Foillano
964 1635 985 1656 a
1002 1635 1056 1656 me
1075 1625 1193 1657 relata.
1245 1624 1279 1656 J.
1300 1624 1342 1657 Β.
1368 1624 1559 1668 Grammay
1584 1625 1621 1657 in

258 1678 455 1722 Antverpia
474 1678 532 1711 lib.
555 1687 596 1711 11.
616 1689 690 1722 cap.
711 1688 752 1712 11.
785 1685 804 1698 “
823 1679 912 1712 Cum
937 1679 982 1712 D.
1004 1680 1162 1712 Foillano
1186 1691 1227 1712 cx
1246 1680 1361 1713 Scotia
1379 1680 1553 1723 profectus
1578 1681 1621 1714 Β.

260 1735 513 1779 Fridegandus,
540 1735 630 1777 apud
660 1735 902 1768 Ambiuaritos
928 1737 1150 1780 evangelium
1176 1737 1445 1780 pr01nulgavit.”
1496 1737 1537 1769 In
1563 1737 1622 1769 illo

259 1796 373 1824 tractu
392 1791 595 1823 coenobium
616 1790 784 1829 Hadscot,
811 1791 976 1834 oppidum
1004 1791 1202 1829 Scotenum,
1221 1792 1353 1824 familia
1372 1793 1496 1825 nobilis
1516 1793 1623 1826 Mals-

259 1852 324 1887 cot,
344 1852 385 1880 ut
402 1847 457 1879 vir
475 1847 596 1879 doctus
616 1847 738 1885 voluit,
758 1846 928 1880 Scoticam
947 1848 1117 1892 originem
1137 1848 1278 1880 habent.
1297 1847 1444 1882 Aubert.
1465 1849 1620 1882 Miraeus

259 1903 301 1935 de
331 1903 588 1936 Canonicorum
619 1903 784 1947 Collegiis
814 1911 914 1935 XVII.
968 1909 987 1922 “
1019 1904 1132 1936 Locus
1161 1905 1196 1936 in
1228 1915 1296 1946 quo
1326 1904 1360 1937 S.
1392 1905 1622 1949 Fridegandis

262 1959 419 2001 quiescit,
446 1963 498 1991 est
521 1959 770 1991 monasterium
798 1961 841 1992 ad
868 1959 984 1992 Sabim
1013 1959 1170 1998 fluvium,
1197 1960 1298 1992 hodie
1324 1960 1516 1999 Sambram,
1543 1973 1563 1994 a
1581 1961 1621 1994 B.

262 2014 436 2052 Amando,
451 2015 610 2057 episcopo
625 2014 853 2059 Trajectensi,
867 2016 904 2047 in
918 2015 1084 2049 honorem
1103 2016 1146 2048 B.
1162 2015 1259 2048 Petri
1275 2021 1523 2057 constructum,
1539 2018 1623 2051 duo-

265 2070 328 2102 bus
347 2070 554 2102 milliaribus
571 2081 592 2102 a
610 2069 799 2109 Namurco,
817 2071 877 2104 ubi
885 2058 1089 2115 ⁸antiquitus
1109 2072 1216 2105 fuisse
1234 2075 1538 2118 congregationem
1552 2086 1623 2107 mo-

268 2125 398 2158 nastice
417 2125 591 2158 viventem
610 2126 724 2168 ipsum
743 2137 868 2159 nomen
886 2128 1025 2167 indicat,
1044 2129 1103 2161 sed
1122 2140 1214 2161 nunc
1232 2134 1284 2162 est
1301 2129 1496 2174 Collegium
1511 2131 1622 2163 Cano-

262 2182 446 2214 nissarum.
474 2180 541 2214 Est
555 2187 670 2214 autem
684 2183 825 2215 celebris
837 2183 871 2216 S.
885 2184 951 2216 viri
964 2186 1130 2218 memoria
1140 2185 1355 2225 inTurvino,
1370 2188 1475 2231 vulgo
1488 2186 1625 2225 Dorne,

263 2237 356 2281 apud
374 2236 604 2279 Antverpiam
619 2247 627 2270 ε
654 2237 702 2270 ibi
720 2239 813 2270 enim
831 2239 975 2282 quievit,
999 2240 1179 2284 ferturque
1196 2242 1226 2275 is
1245 2243 1339 2275 locus
1357 2244 1466 2276 muris
1493 2243 1624 2276 cinctus

264 2293 381 2331 fuisse,
400 2303 478 2325 cum
499 2293 540 2325 iis
560 2293 673 2326 adhuc
691 2292 888 2337 Antverpia
911 2300 1053 2329 careret.
1105 2296 1184 2335 Qua
1208 2302 1324 2331 autem
1352 2299 1393 2331 de
1419 2310 1522 2332 causa
1548 2299 1626 2332 inde
