1861 2682
597 235 769 268 GENTIS
793 233 1064 272 SCOTORUM,
1086 233 1175 265 LIB.
1200 233 1276 264 VII.
1553 234 1614 264 805

254 329 401 372 posuit.’'
442 328 558 363 Verba
575 333 658 361 sunt
675 327 790 361 Bedae
807 328 866 361 lib.
886 336 944 361 111.
965 327 1099 360 Histor.
1118 326 1250 361 Eccles.
1269 325 1417 371 Anglor.
1433 335 1507 368 cap.
1524 334 1609 358 xm.

257 385 374 430 Hujus
393 397 475 419 sane
499 385 781 418 commemoratio
800 384 839 417 fit
860 384 903 418 ab
928 383 1068 417 ecclesia
1093 383 1293 422 Peronensi,
1320 382 1379 416 sed
1404 381 1519 415 nescio
1545 392 1613 424 quo

256 441 322 480 die,
340 453 402 475 nec
419 441 670 485 martyrologia
687 441 886 474 meminere.
938 439 1130 483 Scripserat
1147 440 1205 472 ille

399 497 492 530 Acta
509 497 655 529 Fursaei
674 496 834 540 magistri
1125 495 1184 528 lib.
1205 504 1229 528 Ι.

400 552 597 596 Epistolam
639 553 683 585 ad
717 553 865 585 eundem
904 551 1006 596 (quae
1040 550 1195 584 Peronae
1230 551 1391 595 diligenti
1425 550 1617 583 veneratio-

448 619 502 647 ne,
532 613 573 641 ut
600 608 714 646 audio,
745 608 949 647 custoditur,
976 612 1011 641 et
1039 608 1141 651 plura
1169 608 1207 640 in
1232 607 1360 640 tabulis
1385 607 1540 651 ejusdem
1566 617 1618 638 ec-

448 664 584 708 clesiae)
1127 663 1187 697 lib.
1207 672 1231 696 1.

305 719 456 754 Vivebat
472 731 564 754 anno
582 728 672 754 DCL.

765 815 800 849 S.
828 814 988 849 GAIUS.
1040 815 1121 849 566.

258 889 293 922 S.
313 888 438 922 GAIUS
456 899 476 921 a
494 887 638 921 Gadano
655 887 837 921 Danorum
854 899 945 933 rege,
964 889 1145 922 Pictorum
1163 888 1311 932 injurias
1329 888 1526 926 ulciscente,
1542 897 1620 920 cum

258 955 443 979 numeroso
461 945 615 978 exercitu
639 944 790 978 Scotiam
813 945 1043 988 depopulante
1069 944 1112 977 ob
1138 943 1218 977 fidei
1245 944 1465 977 Christianae
1492 943 1621 986 profes-

258 1002 401 1040 sionem,
421 1011 500 1034 cum
518 1001 555 1033 in
572 1001 722 1033 insulam
741 1000 874 1033 Maiam
891 1000 1050 1045 fugisset,
1068 1011 1165 1034 sacro
1183 1002 1257 1034 loco
1274 1001 1415 1033 incenso
1434 1003 1620 1037 extractus,

258 1063 291 1090 et
310 1057 394 1090 diris
412 1067 475 1100 pro
493 1056 626 1089 Christi
650 1067 754 1089 causa
770 1056 890 1099 poenis
908 1057 1094 1096 cruciatus,
1122 1056 1371 1100 temporariam
1397 1055 1487 1088 hanc
1512 1055 1622 1088 vitam

259 1118 399 1146 aeterna
415 1113 531 1156 quiete
549 1112 774 1155 permutavit,
792 1113 906 1146 cultus
929 1113 1191 1158 religiosissima
1216 1112 1482 1145 deveneratione
1506 1111 1545 1144 in
1570 1112 1623 1144 in·

258 1170 333 1202 sula
363 1169 493 1207 eadem,
523 1179 562 1201 ac
591 1169 839 1201 miraculorum
868 1169 981 1213 gloria
1007 1169 1209 1202 celebratus.
1263 1168 1311 1201 H.
1341 1167 1466 1202 Boeth.
1493 1168 1554 1201 lib.
1583 1177 1621 1200 x.

261 1225 395 1258 Histor.
414 1224 505 1257 Scot.
525 1235 604 1269 pag.
624 1233 727 1258 CCVI.
779 1224 926 1268 Scripsit

404 1280 596 1314 Conciones
778 1281 837 1313 lib.
858 1290 882 1313 Ι.
909 1291 998 1324 quae
1015 1291 1134 1314 everso
1152 1291 1248 1314 sacro
1266 1280 1325 1313 illo
1343 1281 1380 1313 in
1398 1279 1495 1313 Maia
1511 1280 1626 1313 insula

452 1336 616 1369 coenobio
634 1336 677 1369 ab
698 1336 881 1369 haereticis
905 1341 1118 1380 supererant,
1144 1347 1237 1369 nunc
1263 1340 1378 1369 autem
1403 1347 1481 1368 cum
1504 1335 1624 1368 multis

453 1392 531 1425 aliis
549 1392 686 1435 piorum
710 1392 932 1436 ingeniorum
958 1392 1193 1425 monumentis
1219 1391 1317 1425 ferali
1345 1392 1485 1425 Knoxio
1511 1392 1626 1424 incen-

453 1448 555 1480 dente
574 1452 726 1481 exustae.

310 1505 438 1538 Passus
450 1508 503 1537 est
513 1514 605 1536 anno
617 1512 864 1537 DCCCLXXIV.
883 1503 973 1537 Vide
986 1503 1046 1537 lib.
1062 1512 1086 1536 Ι.
1101 1514 1208 1547 supra
1221 1503 1286 1536 hoc
1299 1514 1401 1547 opere
1412 1504 1448 1536 in
1461 1501 1499 1536 S.
1512 1501 1626 1537 Adri-

262 1571 340 1599 ano,
359 1564 435 1593 erat
451 1560 545 1593 enim
562 1559 593 1592 ei
611 1570 724 1592 comes
742 1560 915 1603 martyrii.

697 1655 733 1688 S.
761 1654 1062 1689 GLODIANUS.
1114 1654 1195 1693 567.

262 1729 297 1761 S.
320 1727 572 1767 GLODIANUS‚
592 1727 748 1772 ejusdem
767 1727 1003 1771 professionis,
1029 1727 1144 1772 fugae,
1170 1729 1298 1768 meriti,
1324 1729 1553 1772 martyriique
1575 1740 1628 1762 so-

263 1786 345 1818 ciuS.
381 1784 472 1818 Vide
485 1784 545 1817 lib.
562 1792 586 1816 1.
604 1784 640 1816 in
654 1782 823 1816 Adriano
834 1783 940 1816 verba
954 1783 1002 1816 H.
1015 1783 1167 1817 Boethii.
1207 1784 1393 1818 Communi
1407 1786 1511 1818 etiam
1525 1786 1628 1818 devo-

263 1841 356 1874 tione
374 1852 394 1873 a
411 1841 536 1873 vicinis
554 1840 717 1884 gentibus
740 1839 1038 1883 frequentabatur.
1088 1839 1225 1874 Auctor
1248 1851 1442 1884 anonymus
1461 1841 1502 1874 de
1525 1841 1628 1874 Anti—

264 1897 397 1939 quitate
417 1896 592 1929 Ecclesiae
611 1895 776 1929 Scoticae.
827 1895 918 1940 Ejus
935 1895 1087 1929 refertur
1103 1897 1282 1940 scriptum,

408 1951 587 1985 Pictorum
606 1952 805 1985 Chronicon
903 1952 962 1985 lib.
983 1961 1008 1984 1.
1026 1953 1119 1995 quod
1137 1953 1380 1987 Veremundus
1398 1954 1527 1987 laudat.

314 2008 452 2041 Floruit
470 2019 561 2041 anno
581 2017 827 2041 DeceLxxlv.

692 2120 727 2153 S.
756 2120 1070 2154 GUALTERUS.
1123 2119 1203 2154 568.

267 2234 302 2265 S.
348 2231 605 2272 GUALTERUS‚
645 2232 793 2266 Davidis
829 2234 922 2278 regis
958 2233 1062 2273 filius,
1100 2238 1298 2279 contempto
1336 2237 1546 2279 episcopatu,
1585 2237 1628 2269 D.

268 2288 430 2322 Andreae
471 2288 680 2322 monachum
722 2289 849 2329 induit,
897 2293 932 2322 et
974 2290 1079 2324 abbas
1122 2290 1345 2325 Melrosensis
1395 2292 1518 2331 factus,
1569 2292 1629 2325 SS.
