1861 2682
316 224 377 252 234
685 220 907 253 HISTORIA
932 218 1293 251 ECCLESIASTICA

320 313 449 346 Hector
468 313 633 346 Boethius
651 313 709 345 lib.
729 321 770 344 11.
790 311 923 343 Histor.
943 311 1032 343 Scot.
1057 319 1135 353 pag.
1154 317 1226 341 ΧΠ.
1276 307 1347 340 Adi
1373 306 1416 339 ad
1441 305 1480 338 C.
1507 306 1659 340 Plinium

318 370 375 402 lib.
396 378 478 401 Xv1.
504 379 576 410 cap.
595 369 657 400 ult.
684 367 742 399 lib.
762 374 857 397 XXV.
884 376 956 408 cap.
977 373 1032 397 X1.
1056 369 1090 396 et
1113 364 1171 396 lib.
1197 372 1313 395 XXIX.
1338 373 1410 405 cap.
1436 371 1478 394 11.
1504 361 1658 394 Caelium

319 424 506 467 Rhodigin.
533 423 591 455 lib.
616 431 732 455 XV111.
764 432 836 463 cap.
861 429 946 453 XXI.
999 419 1135 452 Horum
1161 418 1414 461 philosophiam
1438 418 1591 450 maxima
1617 428 1659 449 ex

318 483 415 521 parte
433 480 628 521 complexus
647 482 697 510 est
720 477 892 521 Diogenes
917 475 1077 507 Laertius
1095 474 1269 517 prooemio
1295 474 1407 516 operis
1433 474 1486 505 sui
1512 473 1553 505 de
1575 472 1661 505 Vita

319 534 617 576 Philosophorum,
652 532 747 577 σέβειν
773 530 861 570 θεούς,
889 529 944 563 καὶ
967 527 1053 574 μηδὲν
1078 527 1173 562 κακόν
1202 527 1282 574 δξᾷν,
1309 527 1365 561 καὶ
1394 526 1522 573 ἀνδρείαν
1547 528 1658 567 ἀσκεῖν,

321 595 340 607 “
366 590 473 621 colere
498 589 589 627 deos,
615 589 701 620 nihil
727 588 808 619 mali
834 587 955 625 facere,
982 586 1222 618 fortitudinem
1248 585 1435 618 exercere.’'
1495 584 1604 628 Primi
1634 585 1659 615 ii

319 645 527 677 immortales
546 654 617 676 esse
635 644 766 675 animas
784 643 984 680 docuerunt,
1002 641 1104 683 idque
1121 640 1273 683 prodidit
1291 640 1484 673 Clitarchus
1509 640 1567 672 lib.
1587 648 1658 671 XII.

319 699 478 731 Laertius
502 698 625 730 ibidem
652 698 728 736 loci,
760 697 851 740 quod
881 697 1018 740 egregio
1046 696 1255 729 mutuandae
1280 695 1443 738 pecuniae
1468 699 1660 728 commento

319 753 573 785 confirmarunt.
607 752 703 785 Vale.
717 752 812 785 Max.
827 752 885 784 lib.
902 761 926 784 1.
944 763 1015 794 cap.
1033 761 1073 784 11.
1098 751 1139 784 Id
1152 751 1351 794 disciplinae
1367 761 1475 795 genus
1493 750 1660 793 expressit

318 809 367 841 M.
388 808 548 841 Lucanus
566 808 624 840 lib.
645 817 669 840 Ι.
690 808 844 840 Pharsal.
864 818 952 840 vers.
972 815 1123 839 CCCCLI.

570 870 608 897 Et
622 880 669 897 vos
682 869 835 897 barbaricos
848 869 928 901 ritus,
943 877 1101 905 moremque
1116 868 1259 895 sinistrum

573 916 728 947 Sacrorum,
744 915 879 948 Druidae,
893 915 990 952 positis
1003 914 1144 950 repetistis
1158 914 1192 940 ab
1206 913 1297 940 armis.

573 961 644 988 Solis
658 971 736 988 nosse
750 961 824 992 deOS,
838 966 866 988 et
880 960 947 988 coeli
962 960 1076 987 numina
1090 960 1175 991 vobis,

570 1008 631 1034 Aut
645 1007 709 1034 solis
723 1007 827 1034 nescire
842 1006 938 1033 datum
950 1016 955 1032 :
978 1015 1089 1033 nemora
1102 1005 1158 1032 alta
1171 1006 1284 1033 remotis

573 1052 697 1079 Incolitis
712 1052 798 1079 lucis:
820 1052 896 1079 vobis
911 1052 1068 1079 auctoribus
1082 1051 1195 1078 umbrae

571 1098 634 1125 Non
650 1098 747 1125 tacitas
763 1098 846 1125 Erebi
861 1097 948 1130 sedes,
964 1098 1095 1134 Ditisque
1109 1096 1240 1134 profundi

570 1143 677 1170 Pallida
691 1153 777 1180 regna
791 1148 907 1171 tenent:
930 1143 1003 1179 regit
1018 1142 1091 1170 idem
1106 1142 1221 1179 spiritus
1235 1146 1311 1169 artus

571 1188 648 1216 Orbe
662 1189 724 1220 alio,
738 1189 836 1226 longae
851 1189 950 1216 canitis
963 1189 986 1216 si
1000 1188 1109 1225 cognita
1123 1188 1206 1215 vitae.

366 1254 440 1286 Hos
466 1253 529 1286 etsi
550 1253 706 1285 nonnulli
730 1252 971 1296 Augustorum
996 1252 1145 1284 Romani
1170 1251 1305 1293 imperii
1331 1250 1455 1283 finibus
1481 1253 1658 1285 excludere

318 1313 517 1346 tentassent,
535 1309 707 1340 retinuere
725 1312 841 1340 tamen
864 1307 1018 1340 studiosa
1040 1306 1214 1350 religionis
1238 1306 1455 1339 observantia
1477 1311 1657 1346 nostrates,

317 1369 350 1396 et
368 1364 485 1406 populi
504 1364 657 1405 plerique
676 1364 744 1396 alii.
788 1363 950 1394 Meminit
963 1361 1040 1394 Ael.
1059 1361 1236 1404 Lamprid.
1255 1361 1291 1393 in
1304 1360 1504 1395 Alexandro
1522 1362 1657 1401 Severo,

318 1419 369 1451 Fl.
389 1419 526 1461 Vopisc.
545 1419 580 1450 in
598 1418 800 1457 Aureliano,
819 1423 853 1451 et
870 1418 906 1449 in
924 1417 1147 1450 Numeriano.
1186 1416 1321 1449 Horum
1341 1427 1440 1449 curae
1458 1422 1659 1461 magnatum

317 1474 413 1506 liberi
432 1474 522 1516 apud
540 1478 709 1506 nostrates
727 1473 909 1511 commissi,
928 1484 947 1505 a
964 1473 1088 1515 quibus
1106 1476 1234 1505 rectam
1260 1472 1400 1504 virtutis
1424 1473 1659 1515 adipiscendae

316 1530 482 1561 rationem
502 1530 732 1562 edocerentur.
785 1528 921 1561 Horum
946 1529 1103 1570 princeps
1120 1527 1189 1560 fuit
1212 1527 1245 1559 S.
1266 1527 1509 1566 columbanus,
1534 1533 1574 1561 ut
1599 1529 1657 1561 lib.

318 1593 374 1616 111.
394 1584 457 1617 hoc
474 1595 574 1626 opere
593 1585 676 1616 dixi.
728 1584 924 1616 Successere
941 1587 1058 1626 postea
1076 1583 1111 1615 in
1129 1593 1247 1615 eorum
1268 1584 1390 1621 locum,
1408 1584 1657 1622 auctoritatem,

317 1644 349 1671 et
367 1650 446 1681 opes
464 1640 631 1672 monachi.
683 1639 881 1672 Scribebant
900 1639 957 1671 isti

459 1694 512 1727 De
530 1695 647 1726 divino
666 1694 771 1726 Cultu
1172 1694 1230 1726 lib.
1251 1702 1274 1725 Ι.

457 1750 510 1782 De
528 1750 719 1793 Religionis
738 1748 848 1781 Sacris
1173 1749 1231 1782 lib.
1254 1757 1277 1780 1.

458 1805 510 1837 De
529 1805 749 1836 Fortitudine
767 1804 885 1836 bellica
1176 1804 1233 1836 lib.
1254 1812 1277 1835 1.

456 1860 509 1892 De
526 1860 674 1892 Animae
693 1859 958 1892 Immortalitate
1175 1860 1232 1891 lib.
1254 1868 1277 1890 1.

458 1916 606 1947 Oracula
1170 1914 1228 1946 lib.
1249 1923 1272 1946 Ι.
1297 1925 1384 1957 quae
1406 1925 1475 1947 non
1498 1915 1562 1947 viri
1587 1926 1656 1948 mo-

505 1971 558 2007 do,
576 1971 633 2002 sed
652 1970 754 2002 etiam
772 1970 918 2002 feminae
935 1969 1190 2002 consulentibus
1208 1970 1405 2002 reddebant.

364 2026 548 2058 Florebant
566 2026 608 2057 ab
627 2026 725 2057 initio
743 2026 839 2069 regni
858 2024 1004 2057 fundati.

679 2119 926 2152 GEORGIUS
951 2119 1162 2152 DUNDAS.
1214 2122 1293 2153 425.

317 2192 520 2224 GEORGIUS
579 2191 734 2229 Dundas,
792 2190 919 2224 Graece
977 2191 1168 2234 Latineque
1225 2192 1441 2225 doctissimus
1506 2192 1655 2229 habitus,

315 2248 469 2290 equitum
535 2246 928 2289 Hierosolymitanorum
986 2247 1078 2279 intra
1131 2258 1275 2291 regnum
1334 2246 1466 2280 Scotiae
1527 2247 1656 2290 praefe-
