1861 2682
271 242 332 273 ⁶292
642 241 869 273 HISTORIA
892 241 1254 274 ECCLESIASTICA

418 333 599 376 Epistolae
616 333 660 365 ad
678 332 797 366 Scotos
815 332 988 375 dispersos
1189 334 1249 366 lib.
1269 342 1294 366 1.

321 389 523 422 Exularunt
540 387 633 421 Scoti
651 388 762 421 edicto
781 387 940 426 Maximi,
959 387 1170 421 instantibus
1188 388 1308 428 Pictis,
1326 400 1347 422 a
1363 400 1471 436 regno
1488 395 1627 429 condito

274 455 364 477 anno
393 453 510 477 Dccx.
535 454 626 476 anno
651 443 772 476 salutis
791 451 1009 476 CCCLXXIX.
1035 444 1227 487 imperante
1251 443 1404 485 Juliano,
1429 449 1568 483 sedente
1592 452 1629 484 in

274 499 370 532 Petri
389 499 553 532 cathedra
569 498 743 538 Damaso3
771 499 979 543 duravitque
1004 499 1146 532 exilium
1170 504 1244 533 toto
1267 511 1354 543 pene
1372 506 1526 546 tempore
1543 505 1628 539 Siri-

274 555 327 592 cii,
354 555 534 589 Anastasii
552 555 580 588 Ι.
599 560 634 588 et
651 554 845 588 Innocentii
864 554 891 587 Ι.
918 555 1163 600 Augustorum
1180 566 1262 590 vero
1287 556 1478 598 Joviniani,
1504 560 1628 595 Valen-

273 612 410 651 tiniani,
437 611 626 645 Theodosii
652 610 680 643 I.
732 611 902 644 Restituti
920 621 1002 644 vero
1018 611 1135 650 iidem,
1161 611 1331 657 Fergusio
1354 614 1510 655 ducente,
1536 628 1628 650 anno

274 668 334 700 sal.
355 676 510 701 CDXXX.
537 667 735 700 sedentibus
753 666 886 700 Romae
904 666 1106 700 Innocentio
1124 666 1152 700 Ι.
1178 667 1290 708 Scoto,
1309 668 1457 710 Sozimo,
1483 671 1628 706 Bonifa-

274 725 324 757 cio
342 723 370 756 I.
390 723 584 756 Coelestino
601 723 630 756 Ι.
649 722 748 756 Sixto
766 722 835 756 ΙΙΙ.
852 722 969 756 Leone
987 722 1014 755 I.
1067 722 1161 756 Tum
1186 723 1455 760 pharamundus
1480 738 1626 773 regnum

273 779 487 812 Francorum
504 777 677 817 fundavit,
695 778 841 823 trajecto
859 778 994 812 Rheno.
1046 778 1238 824 Fergusius
1265 782 1427 826 regnavit
1451 784 1552 818 annis
1571 793 1626 818 IX.

272 845 377 879 regno
394 833 556 879 Eugenio
574 833 622 868 II.
641 834 712 867 filio
729 835 859 868 relicto.
911 834 1067 869 Annales
1085 834 1223 869 scotici.

731 946 1033 981 FERGUSTUS.
1085 949 1166 981 533.

270 1059 516 1097 FERGUSTth,
534 1059 607 1092 sive
624 1058 830 1104 Pergustus,
849 1059 961 1092 socius
980 1059 1111 1092 Sedulii
1126 1059 1291 1104 junioris,
1309 1060 1351 1094 de
1368 1072 1438 1104 quo
1456 1062 1536 1096 vide
1563 1063 1627 1097 hoc

269 1125 370 1158 opere
387 1114 490 1148 infra.
542 1114 690 1148 Constat
706 1115 904 1158 episcopum
924 1115 1102 1149 Pictorum
1120 1115 1238 1155 fuisse,
1264 1116 1325 1149 sed
1347 1117 1447 1162 cujus
1473 1118 1539 1152 loci
1566 1125 1625 1153 aut

269 1171 440 1210 ecclesiae,
465 1171 560 1204 haud
577 1170 676 1204 facile
694 1171 934 1204 divinaverim.
987 1171 1154 1205 Interfuit
1171 1182 1253 1205 sane
1270 1173 1455 1216 episcopali
1472 1176 1625 1208 auctori-

268 1232 340 1260 tate
357 1227 501 1260 concilio
519 1226 652 1260 Romae
677 1227 848 1260 celebrato
871 1238 962 1260 anno
982 1236 1145 1260 DCCXIV.
1170 1227 1235 1261 sub
1258 1227 1427 1273 Gregorio
1445 1229 1492 1262 ΙΙ.
1519 1234 1557 1263 ut
1584 1241 1626 1263 ex

267 1283 352 1315 actis
378 1283 512 1315 concilii
538 1287 644 1325 patet,
671 1284 725 1316 cui
752 1284 809 1315 ille
835 1294 912 1315 cum
939 1284 1059 1316 multis
1085 1284 1161 1316 aliis
1187 1283 1384 1317 subscribit.
1436 1284 1538 1319 Tom.
1565 1294 1622 1319 ΙΙΙ.

270 1338 451 1371 Concilior.
468 1349 547 1384 pag.
567 1347 705 1372 CDXVI.
757 1337 846 1382 Ejus
864 1343 916 1371 est

412 1394 453 1426 In
472 1394 706 1440 Evangelium
724 1393 768 1426 D.
789 1393 960 1426 Matthaei
979 1393 1256 1428 Commentarius
1274 1395 1493 1429 doctissimus
1518 1397 1576 1430 lib.
1599 1406 1621 1429 Ι.

458 1461 560 1493 quem
575 1450 651 1483 MS.
671 1450 816 1482 Parisiis
830 1453 946 1482 servat
963 1450 1018 1482 vir
1034 1449 1220 1493 religiosus
1238 1450 1261 1482 J
1263 1451 1387 1484 acobus
1406 1451 1621 1491 sirmondus,

457 1504 638 1538 Societatis
655 1504 678 1537 J
681 1516 741 1538 esu
758 1505 948 1548 presbyter,
965 1505 1056 1538 bono
1073 1505 1123 1537 rei
1141 1505 1313 1539 literariae
1331 1496 1446 1540 natus.

313 1561 448 1595 Claruit
466 1561 530 1594 sub
548 1561 714 1594 Mordaco
731 1572 821 1605 rege,
840 1571 931 1593 anno
948 1561 1069 1594 salutis
1087 1561 1259 1594 humanae
1278 1570 1477 1596 DCCXXIII.

711 1656 746 1690 S.
773 1655 1053 1689 FERRANUS.
1105 1658 1186 1690 534.

265 1729 299 1762 S.
328 1728 559 1768 FERRANUS,
585 1734 814 1774 cognomento
843 1728 1006 1770 Culdeus,
1038 1730 1103 1764 hoc
1129 1735 1190 1770 est,
1216 1730 1283 1764 Dei
1301 1731 1433 1771 Cultor,
1464 1733 1513 1766 sic
1530 1735 1621 1768 enim

265 1789 460 1818 nostratum
478 1786 591 1828 prisca
608 1787 730 1830 lingua
754 1785 946 1819 sacerdotes
969 1787 1142 1830 appellati,
1168 1787 1229 1830 qui
1255 1788 1460 1821 claritudine
1485 1800 1620 1823 summa

264 1841 406 1886 ingenii,
437 1846 472 1874 et
502 1842 654 1874 maxima
682 1842 811 1885 pietate
840 1842 1078 1881 emicuerunt3
1113 1853 1199 1886 quos
1229 1848 1382 1877 recenset
1413 1844 1461 1877 H.
1492 1845 1617 1879 Boeth.

264 1897 323 1929 lib.
351 1906 404 1930 VI.
437 1896 532 1930 Hist.
560 1896 650 1930 Scot.
681 1908 761 1942 pag.
793 1906 905 1930 XCIX.
941 1897 1204 1940 Amphibalum,
1236 1896 1406 1939 Priscum,
1438 1899 1619 1941 Calanum,

265 1952 472 1991 Ferranum,
489 1952 716 1992 Ambianum‚
734 1957 769 1986 et
787 1952 992 1986 Carnocum.
1045 1953 1114 1986 Hic
1131 1953 1240 1986 edidit

406 2000 588 2033 Sermones
607 2001 681 2043 pios
1129 2001 1188 2034 lib.
1208 2010 1232 2034 Ι.

311 2056 448 2090 Floruit
465 2067 556 2090 anno
574 2065 767 2089 DCCLvnr.
815 2055 839 2088 J
841 2067 967 2089 oannes
986 2055 1149 2090 Leslaeus
1167 2058 1227 2093 lib,
1247 2067 1305 2092 111.
1324 2070 1404 2104 pag.
1424 2067 1551 2093 CXXII.

634 2150 855 2185 FLACCUS
880 2151 1110 2187 ALBINUS.
1161 2156 1242 2187 535.

263 2224 445 2258 FLACCUS
472 2222 634 2263 Albinus,
662 2224 735 2257 sive
760 2223 944 2264 Alcuinus,
971 2225 1086 2259 Caroli
1105 2225 1239 2272 Magni,
1266 2232 1306 2261 ut
1331 2238 1437 2272 supra
1461 2230 1615 2272 exposui,

262 2284 472 2324 praeceptor,
503 2285 538 2314 et
567 2280 760 2315 academiae
785 2280 992 2315 Parisiensis
1018 2281 1194 2324 fundator,
1221 2287 1358 2328 praeter
1383 2295 1421 2318 ea
1447 2295 1535 2329 quae
1561 2295 1616 2318 su-
