1861 2682
880 260 937 298 xii

238 360 374 400 Meras
394 362 622 414 saepissime
647 375 774 414 nugas
800 361 953 407 retulit,
979 366 1020 400 et
1047 374 1208 413 operam
1228 362 1438 414 pueriliter
1458 363 1580 402 lusit:

238 437 484 475 quocunque
523 425 663 463 ferunt
700 425 833 476 pedes,
871 424 1084 476 scriptores
1127 424 1284 463 invenit
1321 425 1391 464 ille
1434 426 1582 464 Scotos.

238 486 365 524 Recte
396 486 521 537 igitur
550 487 723 525 Jacobus
753 486 948 524 XVaraeus
975 486 1025 523 de
1054 485 1322 538 Scriptoribus
1350 488 1583 533 Hiberniae,

236 562 272 599 p.
297 551 383 589 119.
441 554 461 571 “
482 549 530 586 In
552 562 671 587 suum
691 549 932 600 scriptorum
952 548 1107 586 Scotiae
1131 547 1369 600 catalogum,
1396 563 1468 602 pro
1494 549 1584 588 libi-

238 610 334 648 dine
354 624 435 656 sua,
455 609 619 661 Anglos,
640 610 804 657 NVallos,
826 621 867 648 et
888 610 1091 648 Hibernos
1111 610 1257 661 passim
1277 610 1431 658 retulit,
1460 617 1503 650 et
1532 612 1583 649 ad

237 672 476 710 assertiones
497 686 586 710 suas
607 672 833 718 firmandas,
854 672 974 710 finxit
993 672 1220 723 saepissime
1235 672 1436 719 authores,
1454 687 1585 725 opera,

238 733 355 779 locos,
376 740 416 772 et
437 737 653 786 tempora.”
711 734 895 772 Eandem
925 736 1012 786 ejus
1038 733 1249 772 libidinem
1277 749 1358 774 non
1387 749 1469 774 uno
1496 734 1584 773 loco

238 796 415 834 coercuit
442 796 717 834 Hibernorum
748 795 868 847 longe
894 795 1159 842 doctissimus,
1185 796 1359 835 Jacobus
1386 797 1584 842 Usserius‚

237 857 438 896 mitissimi
460 859 718 910 caeteroquin
740 859 799 896 vir
819 858 983 909 ingenii.

290 920 354 957 De
389 920 649 971 scriptoribus
689 920 933 958 Britannicis
966 925 1060 958 ante
1095 920 1383 972 Dempsterum
1416 927 1583 972 egerant

237 981 427 1020 nonnulli
447 982 685 1033 Anglorum,
707 989 747 1021 et
767 982 808 1020 in
829 982 968 1034 primis
989 982 1164 1020 Joannes
1186 982 1402 1028 Lelandus,
1424 982 1584 1033 elegan-

238 1044 350 1082 tioris
370 1044 430 1081 vir
451 1045 701 1090 eruditionis,
733 1051 773 1082 et
796 1044 903 1082 inter
928 1050 1110 1082 auctores
1136 1044 1425 1082 humaniorum
1451 1044 1585 1083 litera-

237 1120 328 1144 rum
362 1106 404 1144 in
440 1106 587 1158 Anglia
621 1107 975 1145 instaurandarum
1006 1104 1125 1157 plane
1156 1106 1380 1157 ponendus.
1458 1106 1583 1145 Hunc

237 1175 398 1207 secutus
419 1175 480 1206 est
499 1169 524 1206 J
527 1182 676 1207 oannes
697 1168 855 1213 Baleus,
876 1167 998 1205 homo
1018 1167 1115 1205 item
1137 1167 1305 1218 Anglus,
1333 1168 1402 1206 sed
1431 1169 1585 1207 Ossori-

236 1230 340 1268 ensis
361 1231 469 1282 apud
491 1231 694 1269 Hibernos
721 1230 940 1281 episcopus,
968 1229 1037 1280 qui
1068 1236 1263 1280 regnante
1291 1230 1421 1268 Maria
1450 1229 1581 1268 solum

237 1298 391 1330 vertere
423 1298 594 1337 coactus,
628 1292 794 1330 immani
825 1291 916 1329 odio
945 1291 986 1328 in
1014 1291 1186 1343 purioris
1214 1291 1418 1343 religionis
1447 1291 1583 1331 hostes

235 1354 354 1392 unice
390 1354 592 1405 flagrabat.
653 1353 885 1392 Praesulem
912 1353 1185 1391 Ossoriensem
1218 1354 1376 1405 excepit
1404 1354 1582 1393 Joannes

236 1415 405 1461 Pitseus,
427 1416 566 1454 doctor
587 1415 809 1467 theologus,
836 1421 877 1453 et
898 1414 1213 1453 Liverdunensis
1233 1415 1342 1467 apud
1363 1415 1581 1454 Lotharin-

234 1491 305 1529 gos
334 1478 531 1516 decanus:
564 1477 735 1516 Baleum
762 1491 834 1516 suo
860 1490 971 1515 more
999 1477 1190 1528 exagitat,
1217 1477 1445 1516 Catholicos
1471 1479 1581 1516 0111111

235 1539 356 1578 laude
385 1539 576 1585 cumulat,
604 1545 644 1578 et
668 1539 955 1578 commentaria
984 1540 1070 1591 ejus
1099 1538 1219 1590 plena
1248 1545 1344 1577 sunt
1372 1539 1581 1578 futilitatis

235 1615 496 1653 summaeque
534 1601 722 1640 levitatis.
793 1602 942 1639 Parum
981 1601 1095 1638 nobis
1132 1601 1392 1652 profecerunt
1425 1601 1467 1639 hi
1500 1608 1581 1640 tres

235 1664 438 1702 Joannes:
468 1664 510 1701 in
543 1664 729 1701 omnibus
761 1663 949 1701 limatum
975 1663 1175 1714 judicium
1207 1663 1491 1710 desideramus,
1520 1677 1583 1702 ea-

235 1724 410 1775 demque
431 1725 617 1762 omnibus
638 1724 767 1762 inanis
788 1724 837 1762 de
858 1725 988 1775 patria
1004 1725 1209 1777 jactantia.
1268 1725 1364 1763 Post
1384 1725 1467 1771 hos,
1495 1739 1579 1764 rem

235 1785 454 1824 literariam
476 1799 682 1837 aggressus
704 1786 978 1838 Dempsterus,
1000 1787 1134 1825 onmia
1154 1787 1205 1824 ad
1229 1786 1407 1825 criticam
1438 1788 1581 1826 severi-

235 1854 362 1886 tatem
382 1848 550 1885 minime
571 1849 715 1900 exegit,
737 1848 807 1886 sed
827 1848 957 1887 multa
977 1848 1111 1886 futilia
1132 1849 1315 1900 undique
1331 1849 1518 1894 corrasit3
1539 1857 1581 1889 et

236 1923 317 1961 quo
339 1909 460 1948 fidem
485 1924 597 1948 suam
627 1909 859 1949 sacrificulis
888 1910 1080 1948 Romanis
1109 1912 1307 1962 probaret,
1336 1924 1418 1949 non
1444 1912 1579 1963 potuit

236 1985 319 2010 non
340 1971 544 2023 religionis
565 1978 605 2010 et
625 1971 823 2010 libertatis
845 1972 1022 2010 vindices
1043 1972 1267 2010 identidem
1287 1972 1446 2011 latrare.

291 2031 377 2070 Nec
398 2038 532 2070 tamen
554 2046 625 2070 sua
644 2032 763 2070 laude
792 2033 1042 2072 fraudandus
1071 2041 1141 2073 est.
1200 2034 1262 2073 De
1290 2034 1455 2074 meliore
1485 2043 1581 2074 nota

236 2093 367 2132 multa
393 2094 601 2144 congessit,
629 2094 678 2132 de
705 2094 751 2132 iis
778 2096 1013 2146 praesertim
1040 2097 1302 2148 scriptoribus
1332 2097 1413 2148 qui,
1440 2097 1578 2136 exules

236 2156 399 2208 patriae,
420 2155 629 2194 interiores
650 2162 690 2194 et
710 2158 934 2196 reconditas
962 2157 1098 2196 literas
1128 2159 1169 2196 in
1199 2159 1412 2197 academiis
1443 2159 1579 2198 Gallo-

237 2230 339 2262 rum,
361 2215 640 2268 Italorumque
661 2222 701 2255 et
725 2218 1030 2266 Germanorum,
1057 2235 1136 2258 non
1169 2221 1254 2259 sine
1278 2220 1406 2272 gloria
1434 2221 1580 2260 docue-

238 2284 346 2316 runt.
403 2277 485 2317 Alii
506 2278 641 2318 literas
660 2278 928 2329 humaniores,
945 2282 1247 2322 mathematicas
1263 2281 1493 2334 disciplinas
1509 2282 1575 2321 alii
