1861 2682
626 260 798 293 GENTIS
821 262 1094 302 SCOTORUM‚
1119 264 1208 297 LIB.
1232 267 1276 298 11.
1605 273 1645 303 95

284 361 339 383 ma
357 350 489 385 familia
507 351 733 392 Baliolorum,
751 355 811 398 qui
829 366 848 388 e
865 355 980 390 Scotia
996 356 1148 402 profugi,
1166 358 1315 403 bellique
1333 360 1445 394 civilis
1459 363 1550 395 malo
1567 366 1642 406 pul-

283 406 322 443 si,
341 407 376 439 in
395 406 543 441 Francia
555 409 759 443 comitatum
774 408 987 445 Hearcourt
1003 412 1240 454 obtinuerunt,
1258 419 1299 448 ut
1316 426 1359 448 ex
1371 415 1518 450 historia
1532 417 1642 451 Fran-

282 462 353 494 cica
380 461 586 496 Holinshed.
613 474 693 510 pag.
721 473 866 500 DCCXV.
893 467 983 501 Galli
1012 467 1220 503 Harcuriam
1248 475 1384 511 vocant,
1411 477 1446 506 et
1464 478 1642 516 praeterea

284 517 519 561 Dampuillam
544 530 583 552 ac
607 519 770 555 Hornum
793 522 829 556 in
846 524 965 557 eodem
983 535 1090 570 regno
1107 529 1306 567 tenuerunt,
1326 526 1490 562 Leslaeus
1508 530 1567 562 lib.
1587 525 1639 563 v‘1.

283 573 318 605 in
337 573 468 618 Anglia
491 578 791 621 propugnaculum
815 580 1088 614 munitissimum
1111 580 1413 617 Bernarcaeeastle
1434 586 1640 625 excitarunt,

282 629 412 671 quique
437 630 541 672 primi
569 634 769 667 mortalium
795 634 949 679 Lyceum
975 636 1089 670 Musis
1115 638 1152 671 in
1176 637 1317 684 Anglia,
1343 641 1543 684 sumptibus
1568 645 1640 676 suis

282 685 471 724 immensis,
490 685 525 718 id
549 685 741 733 Collegium
766 690 961 725 Baliolense
984 692 1152 732 Oxoniae‚
1174 694 1410 736 aedificarunt,
1434 701 1474 730 ut
1497 700 1640 732 tradunt

280 739 400 784 Angli,
414 739 437 772 J
439 751 566 775 oannes
578 742 695 783 Caius,
703 744 888 786 Lelandus,
896 746 1067 788 Pitsaeus,
1077 748 1285 790 camdenus,
1297 756 1331 785 et
1342 763 1478 792 omnes3
1492 755 1640 799 denique

279 796 338 837 qui
364 806 510 840 regnum
535 797 680 839 Scotiae,
708 802 854 836 arbitrio
880 804 1000 847 iniquo
1021 805 1065 837 ad
1083 804 1241 850 Anglum
1258 807 1382 847 delato,
1400 811 1639 852 possederunt,

279 856 313 883 et
330 851 396 883 sub
413 863 542 886 annum
565 862 726 889 MCCCIV.
745 868 784 890 eo
797 868 859 901 per
872 858 1041 893 Brucium
1056 861 1244 902 exturbati,
1258 864 1392 897 minore
1404 864 1546 900 fortuna
1559 879 1638 901 con-

279 908 364 939 tenti
384 908 558 942 vixerunt.
609 910 720 945 Porro
737 917 855 946 noster
872 914 927 947 vir
945 916 1098 949 maximo
1120 918 1270 958 nomine,
1292 921 1553 966 majoribusque
1571 935 1639 958 me-

278 962 367 1000 ritis,
394 974 570 998 summum
597 965 776 1001 Bononiae
801 969 914 1003 locum
940 972 1064 1011 tenuit,
1091 976 1125 1006 et
1154 974 1362 1018 reipublicae
1392 983 1530 1023 togatae
1559 991 1637 1014 cum

277 1018 406 1052 honore
423 1020 585 1062 praefuit.
636 1021 782 1067 Scripsit

422 1075 554 1110 Contra
570 1077 768 1121 Empiricos
1194 1088 1254 1121 lib.
1274 1097 1299 1122 1.

420 1131 491 1165 Pro
509 1132 632 1166 Galeni
650 1134 819 1170 Doctrina
1193 1144 1252 1178 lib.
1273 1154 1297 1178 1.

325 1184 478 1220 Docebat
495 1199 587 1222 anno
605 1198 914 1228 mccchxxxw.
934 1197 1037 1230 rediit
1054 1203 1174 1242 postea
1190 1200 1227 1233 in
1245 1199 1407 1235 Scotiam.

618 1299 885 1337 PATRICIUS
909 1304 1156 1344 BISSETUS.
1209 1314 1289 1349 170.

274 1410 491 1445 PATRICIUS
509 1413 678 1454 Bissetus,
697 1415 889 1451 clarissima
906 1420 999 1462 apud
1015 1431 1097 1454 suos
1115 1422 1259 1468 origine,
1279 1435 1323 1458 ex
1341 1437 1381 1459 ea
1397 1426 1531 1463 familia
1548 1442 1635 1475 quae

273 1466 456 1501 Achterles
483 1473 518 1502 et
543 1469 658 1503 Fifam
685 1472 871 1507 comitatus
897 1474 1002 1509 titulo
1028 1481 1237 1514 tenuerunt:
1267 1481 1325 1515 hic
1350 1493 1432 1517 vero
1456 1484 1635 1521 Bononiae

275 1528 366 1556 artes
390 1525 540 1568 optimas
564 1526 751 1569 professus,
774 1539 911 1564 summa
929 1532 1133 1568 eruditionis
1151 1536 1313 1579 opinione
1330 1539 1503 1581 inclaruit,
1522 1553 1562 1575 ac
1574 1544 1634 1587 jus

275 1579 478 1613 canonicum
495 1592 558 1624 per
574 1583 702 1617 multos
719 1594 828 1619 annos
845 1596 924 1621 cum
938 1588 1122 1630 docuisset,
1136 1592 1278 1627 tandem
1295 1595 1449 1630 amicitia
1462 1598 1633 1632 strictiore

276 1645 352 1667 cum
372 1635 555 1671 Bonifacio
573 1637 752 1673 Gozadino
770 1647 954 1684 contracta,
974 1645 1018 1678 ad.
1035 1656 1114 1681 eum
1131 1648 1270 1692 scripsit

416 1691 470 1726 De
488 1692 751 1739 Irregularitate
1191 1705 1251 1738 lib.
1271 1715 1295 1739 1.

416 1748 598 1783 Lectiones
617 1750 770 1785 Feriales
1194 1761 1252 1794 lib.
1272 1771 1296 1795 1.

319 1802 454 1838 Claruit
471 1812 562 1839 anno
582 1814 741 1840 MCCCCI.
793 1809 984 1846 Alidosius.

729 1920 866 1954 BERN
868 1922 1045 1958 ARDUS.
1099 1929 1115 1959 1
1122 1930 1163 1963 71
1170 1954 1178 1962 .

270 2024 530 2066 ΒΕΠΝΑΒΒΠΞ,
548 2030 738 2064 monachus
757 2031 891 2073 Scotus,
910 2034 1014 2068 abbas
1033 2035 1128 2071 Sacri
1147 2038 1182 2071 N
1184 2041 1309 2074 emoris
1327 2042 1364 2075 in
1381 2042 1506 2084 Scotia,
1527 2049 1631 2092 vulgo

272 2077 488 2124 Halywood,
506 2086 711 2129 peregrinus
734 2088 778 2120 ad
803 2090 878 2123 loca
900 2096 1018 2125 sancta
1041 2092 1244 2128 Dominicae
1262 2098 1433 2140 passionis
1451 2101 1631 2136 invisenda

269 2135 454 2177 profectus,
473 2139 631 2184 diligenti
650 2152 733 2175 cura
750 2148 863 2178 totum
881 2147 967 2180 illud
984 2148 1061 2187 iter,
1085 2150 1227 2194 locaque
1250 2159 1369 2188 sancta
1391 2157 1628 2199 perlustravit,

268 2202 305 2224 ac
323 2192 446 2226 deinde
464 2194 608 2228 domum
627 2198 737 2231 redux
755 2201 893 2244 scripsit
910 2203 1034 2248 ingens
1052 2207 1215 2241 volumen

411 2249 465 2283 De
482 2250 585 2284 Locis
603 2251 734 2287 Terrae
751 2255 896 2290 Sanctae
1173 2264 1233 2298 lib.
1255 2274 1293 2299 x.

317 2303 610 2350 peregrinabatur
627 2318 717 2343 anno
738 2318 938 2347 DCCCLXX.
980 2315 1085 2351 citat
1103 2318 1425 2357 Malmesburiensis
1443 2324 1501 2357 lib.
1523 2333 1572 2357 IV.
