1861 2682
277 240 340 268 244
653 240 878 271 HISTORIA
903 240 1268 272 ECCLESIASTICA

279 334 326 364 les
361 331 495 364 Scotiae
529 331 747 376 Angliaeque
777 335 961 369 testantur,
993 333 1047 363 vel
1078 342 1168 364 anno
1194 340 1281 364 Dec.
1312 331 1465 365 Joannes
1492 332 1633 366 Trithe-

278 389 379 421 mius.

328 444 533 477 Sanctorum
547 454 691 476 numero
706 443 876 486 ascriptus
891 443 1017 476 colitur
1030 443 1085 475 die
1101 450 1216 475 XXIV.
1230 442 1377 486 Aprilis.
1403 443 1635 489 Martyrolog.

281 500 428 532 Roman.
447 505 481 532 et
499 500 595 532 Beda
612 499 671 532 lib.
693 509 750 532 111.
769 510 842 542 cap.
863 508 914 531 1v.
934 503 969 532 et
986 499 1068 531 alibi
1088 509 1199 542 saepe.
1251 499 1354 532 Alius
1373 500 1416 532 ab
1433 499 1497 533 hoc
1515 505 1636 534 nostro

279 556 455 600 Egbertus
474 561 535 594 est,
554 567 616 588 seu
633 555 830 588 Eadbertus
848 554 1145 587 Lindisfarnensis
1164 555 1356 598 episcopus.
1382 556 1538 589 Annales
1561 556 1637 589 An-

278 613 370 657 glici.
421 612 522 650 Quod
553 623 635 644 vero
670 611 962 654 Martyrologium
997 611 1033 643 in
1070 610 1240 644 Hibernia
1273 613 1635 645 commemorationem

279 670 353 713 ejus
372 673 489 711 ponat,
509 669 543 700 id
561 669 602 700 de
621 667 891 706 conservatione,
919 673 954 699 et
979 667 1155 699 eremitica
1178 667 1252 700 vita
1275 668 1361 700 inibi
1387 673 1473 707 acta,
1500 679 1569 701 non
1595 670 1636 702 de

279 729 367 763 ortu,
382 724 644 767 intelligendum
664 734 783 755 censeo
798 733 807 762 ς
835 727 926 755 certe
944 724 1036 755 enim
1054 722 1194 755 Scotum
1210 733 1293 761 esse,
1309 725 1363 756 vel
1377 724 1525 757 Balaeus
1539 726 1635 769 genti

278 785 414 813 nostrae
432 780 541 812 hostis
554 780 695 823 juratus
722 779 855 817 asserit,
882 784 921 812 ut
947 779 1130 812 historicos
1154 783 1286 811 taceam
1312 784 1444 812 veteres
1469 785 1635 813 recentes·

277 848 352 879 que.

711 931 745 964 S.
772 929 1067 964 ERWALDUS.
1120 930 1201 964 446.

276 1010 295 1023 ‘⁶
314 1004 348 1036 S.
368 1004 600 1037 ERWALDUS
618 1003 818 1042 monachus,
846 1008 878 1036 et
898 1004 1088 1046 discipulus
1107 1003 1142 1036 S.
1162 1003 1329 1043 Kiliani,”
1356 1004 1405 1037 ait
1433 1004 1549 1038 Trith.
1576 1005 1635 1038 lib.

277 1070 333 1093 111.
353 1061 394 1092 (le
412 1059 487 1092 Vir.
508 1060 614 1092 illust.
634 1060 757 1092 Ordin.
785 1059 820 1092 S.
840 1060 1020 1093 Benedicti
1047 1071 1120 1102 cap.
1141 1068 1261 1092 CXLV.
1290 1063 1310 1077 ‘⁶
1328 1061 1505 1103 martyris,
1532 1065 1635 1104 atque

274 1116 445 1159 pontificis
471 1116 744 1159 Herbipolensis,
773 1127 931 1161 egressus
958 1127 1036 1148 cum
1055 1127 1094 1148 eo
1112 1116 1154 1148 de
1172 1115 1287 1148 Scotia
1305 1116 1348 1148 ad
1366 1116 1634 1158 praedicandum

275 1173 419 1205 verbum
451 1173 485 1204 in
516 1172 721 1210 Franconia,
753 1173 961 1216 martyrium
997 1183 1075 1205 cum
1110 1172 1279 1216 magistro
1309 1176 1428 1205 sancto
1461 1171 1635 1215 perfecit.”

275 1229 347 1262 Nec
365 1230 406 1261 de
432 1230 491 1261 illo
518 1229 553 1261 in
580 1230 665 1262 actis
690 1228 824 1261 Kiliani
851 1229 1036 1272 quicquam
1063 1228 1258 1267 observavi,
1284 1239 1346 1261 nec
1372 1228 1514 1261 omnino
1540 1228 1632 1261 alibi.

274 1285 409 1328 Scripta
426 1286 613 1328 perierunt.

323 1342 458 1374 Claruit
477 1353 567 1374 anno
587 1349 768 1373 DCLXXX.
819 1340 1056 1373 Conservatur
1073 1339 1148 1383 ejus
1167 1350 1263 1372 sacra
1281 1340 1447 1373 memoria
1473 1341 1528 1373 die
1546 1349 1632 1373 xlx.

275 1398 448 1430 Januarii.
506 1397 661 1430 Tabulae
680 1397 974 1430 Constantienses.

700 1509 734 1541 S.
761 1508 1074 1541 ERLULPHUS.
1126 1510 1205 1544 447.

275 1624 309 1655 S.
337 1622 584 1655 ERLULPHUS
611 1622 798 1655 Verdensis
829 1622 1008 1664 episcopus
1036 1629 1090 1652 lx.
1121 1625 1155 1653 et
1185 1620 1330 1653 ultimus
1362 1620 1544 1654 Scotorum
1574 1622 1633 1664 qui

273 1690 348 1712 eam
367 1680 480 1712 sedem
500 1691 520 1712 a
539 1684 558 1698 ‘⁶
574 1679 698 1712 Carolo
717 1678 860 1722 Magno,
880 1678 923 1710 ob
941 1677 1112 1720 insignem
1133 1676 1221 1709 bello
1235 1676 1427 1719 Hispanico
1445 1678 1475 1710 ei
1494 1687 1632 1720 operam

272 1736 467 1773 navatam‚”
486 1739 684 1768 tenuerunt.
734 1734 862 1777 Philip.
882 1733 1065 1766 Belforest.
1086 1733 1143 1766 lib.
1164 1742 1188 1766 1.
1210 1733 1344 1766 Histor.
1364 1732 1518 1766 Carolor.
1564 1733 1632 1766 Hic

273 1802 349 1824 cum
369 1792 424 1834 pie
443 1792 618 1824 ecclesiam
637 1802 734 1824 suam
757 1790 1046 1828 administrasset,
1066 1794 1086 1808 “
1100 1800 1177 1822 cum
1196 1789 1334 1834 agmine
1352 1788 1632 1822 Christianorum

273 1859 336 1890 pro
354 1847 495 1880 Christo
514 1859 632 1880 caesus
648 1852 699 1880 est
714 1848 749 1880 in
764 1846 1036 1889 Ebbeckstorp.”
1074 1845 1229 1878 Annales
1247 1845 1480 1878 Ecclesiastici
1495 1845 1630 1878 Albert.

274 1903 415 1936 Crantz.
434 1904 493 1937 lib.
515 1913 555 1936 ΙΙ.
576 1903 761 1946 Metropol.
782 1914 855 1945 cap.
875 1910 975 1934 XXX.
1011 1901 1153 1935 Suffrid.
1173 1902 1299 1935 Petrus
1317 1902 1374 1934 lib.
1393 1910 1416 1934 Ι.
1436 1902 1536 1946 Orig.
1555 1902 1633 1935 Fri-

274 1970 346 1991 son.
366 1971 439 2002 cap.
460 1968 526 1991 xv.
577 1959 710 1992 Anton.
730 1958 935 1991 Demochar.
958 1958 1016 1990 lib.
1037 1967 1077 1991 11.
1097 1969 1170 2001 cap.
1191 1966 1318 1991 XXXV.
1347 1962 1367 1976 “
1385 1956 1419 1990 S.
1438 1957 1632 2001 Erlulphus

272 2014 406 2054 Scotus,
426 2016 590 2059 martyr.”
641 2015 707 2047 Sed
725 2015 896 2047 decimum
915 2013 989 2057 ejus
1007 2015 1097 2047 sedis
1115 2014 1307 2047 antistitem
1326 2013 1420 2053 facit,
1437 2018 1471 2047 et
1488 2015 1578 2047 locat
1595 2014 1631 2046 in

274 2081 364 2104 anno
383 2079 629 2103 Dechxva
673 2070 810 2102 Colitur
828 2069 882 2101 die
905 2077 1004 2101 xxn.
1023 2069 1194 2103 Januarii.
1245 2070 1391 2113 Scripsit

417 2126 596 2169 Epistolas
615 2126 658 2158 ad
676 2126 831 2158 diversos
1187 2126 1246 2159 lib.
1268 2135 1292 2159 Ι.

418 2181 591 2215 Homilias
609 2183 651 2214 de
669 2181 804 2214 Sanctis
1188 2182 1247 2214 lib.
1267 2191 1292 2214 1.

322 2237 451 2271 Passus
470 2243 521 2270 est
539 2248 630 2271 anno
650 2246 902 2270 DCCCXXXIX.
953 2237 1130 2270 XValterus
1148 2238 1179 2270 ei
1197 2238 1371 2277 successit,
1401 2248 1440 2270 ac
1461 2237 1519 2270 alii
1537 2237 1631 2269 dein-

274 2305 353 2337 ceps
383 2293 548 2328 Saxones.
612 2293 715 2326 Alius
742 2299 793 2326 est
819 2293 976 2326 Erlolfus
1002 2293 1106 2326 abbas
1133 2292 1381 2333 Morbacensis‚
1407 2297 1442 2326 et
1467 2293 1510 2325 ab
1536 2291 1631 2325 Hen-
