<?xml version="1.0" encoding="UTF-8"?>
<!DOCTYPE html PUBLIC "-//W3C//DTD XHTML 1.0 Transitional//EN"
    "http://www.w3.org/TR/xhtml1/DTD/xhtml1-transitional.dtd">
<html xmlns="http://www.w3.org/1999/xhtml" xml:lang="en" lang="en">
 <head>
  <title>
</title>
<meta http-equiv="Content-Type" content="text/html;charset=utf-8" />
  <meta name='ocr-system' content='tesseract 3.04.00' />
  <meta name='ocr-capabilities' content='ocr_page ocr_carea ocr_par ocr_line ocrx_word'/>
</head>
<body>
  <div class='ocr_page' id='page_1' title='image "./thomaedempsterih00bann_0241.png"; bbox 0 0 1861 2682; ppageno 0'>
   <div class='ocr_carea' id='block_1_1' title="bbox 590 257 1596 300">
    <p class='ocr_par' dir='ltr' id='par_1_1' title="bbox 590 257 1596 300">
     <span class='ocr_line' id='line_1_1' title="bbox 590 257 1596 300; baseline 0.01 -12"><span class='ocrx_word' id='word_1_1' title='bbox 590 257 762 289; x_wconf 84' lang='lat' dir='ltr'><strong>GENTIS</strong></span> <span class='ocrx_word' id='word_1_2' title='bbox 787 259 1056 299; x_wconf 88' lang='lat' dir='ltr'>SCOTORUM,</span> <span class='ocrx_word' id='word_1_3' title='bbox 1083 261 1168 293; x_wconf 89' lang='lat' dir='ltr'><strong>LIB.</strong></span> <span class='ocrx_word' id='word_1_4' title='bbox 1196 263 1257 294; x_wconf 87' lang='lat'>111.</span> <span class='ocrx_word' id='word_1_5' title='bbox 1539 270 1596 300; x_wconf 77' lang='lat'>171</span> 
     </span>
    </p>
   </div>
   <div class='ocr_carea' id='block_1_2' title="bbox 212 346 1596 2373">
    <p class='ocr_par' dir='ltr' id='par_1_2' title="bbox 212 346 1596 2373">
     <span class='ocr_line' id='line_1_2' title="bbox 237 346 1596 404; baseline 0.011 -26"><span class='ocrx_word' id='word_1_6' title='bbox 237 346 318 386; x_wconf 84' lang='lat' dir='ltr'>dux,</span> <span class='ocrx_word' id='word_1_7' title='bbox 362 348 463 381; x_wconf 91' lang='lat' dir='ltr'>unico</span> <span class='ocrx_word' id='word_1_8' title='bbox 502 348 581 388; x_wconf 85' lang='lat' dir='ltr'>filio,</span> <span class='ocrx_word' id='word_1_9' title='bbox 625 356 658 383; x_wconf 82' lang='lat' dir='ltr'>et</span> <span class='ocrx_word' id='word_1_10' title='bbox 702 352 917 395; x_wconf 81' lang='lat' dir='ltr'>principatus</span> <span class='ocrx_word' id='word_1_11' title='bbox 957 353 1107 394; x_wconf 90' lang='lat' dir='ltr'>haeredi,</span> <span class='ocrx_word' id='word_1_12' title='bbox 1151 356 1346 389; x_wconf 88' lang='lat' dir='ltr'>studiorum</span> <span class='ocrx_word' id='word_1_13' title='bbox 1390 369 1596 404; x_wconf 86' lang='lat' dir='ltr'>morumque</span> 
     </span>
     <span class='ocr_line' id='line_1_3' title="bbox 237 405 1596 460; baseline 0.011 -25"><span class='ocrx_word' id='word_1_14' title='bbox 237 413 364 447; x_wconf 86' lang='lat' dir='ltr'>magno</span> <span class='ocrx_word' id='word_1_15' title='bbox 416 405 550 438; x_wconf 88' lang='lat' dir='ltr'>ambitu</span> <span class='ocrx_word' id='word_1_16' title='bbox 604 407 727 440; x_wconf 82' lang='lat' dir='ltr'>ascivit</span> <span class='ocrx_word' id='word_1_17' title='bbox 786 408 1010 443; x_wconf 84' lang='lat' dir='ltr'>formatorem</span> <span class='ocrx_word' id='word_1_18' title='bbox 1060 416 1095 443; x_wconf 88' lang='lat' dir='ltr'>et</span> <span class='ocrx_word' id='word_1_19' title='bbox 1150 412 1283 452; x_wconf 90' lang='lat' dir='ltr'>ducem,</span> <span class='ocrx_word' id='word_1_20' title='bbox 1334 415 1596 460; x_wconf 80' lang='lat' dir='ltr'>admiratusque</span> 
     </span>
     <span class='ocr_line' id='line_1_4' title="bbox 236 462 1595 515; baseline 0.011 -24"><span class='ocrx_word' id='word_1_21' title='bbox 236 469 356 492; x_wconf 87' lang='lat' dir='ltr'>canam</span> <span class='ocrx_word' id='word_1_22' title='bbox 391 462 610 502; x_wconf 81' lang='lat' dir='ltr'>prudentiam</span> <span class='ocrx_word' id='word_1_23' title='bbox 645 464 686 495; x_wconf 90' lang='lat' dir='ltr'>de</span> <span class='ocrx_word' id='word_1_24' title='bbox 721 465 900 498; x_wconf 87' lang='lat' dir='ltr'>retinendo</span> <span class='ocrx_word' id='word_1_25' title='bbox 935 467 1026 508; x_wconf 89' lang='lat' dir='ltr'>apud</span> <span class='ocrx_word' id='word_1_26' title='bbox 1069 478 1115 506; x_wconf 88' lang='lat' dir='ltr'>se,</span> <span class='ocrx_word' id='word_1_27' title='bbox 1159 471 1384 514; x_wconf 86' lang='lat' dir='ltr'>ornandoque</span> <span class='ocrx_word' id='word_1_28' title='bbox 1428 478 1595 515; x_wconf 83' lang='lat' dir='ltr'>perpetua</span> 
     </span>
     <span class='ocr_line' id='line_1_5' title="bbox 237 515 1595 571; baseline 0.012 -25"><span class='ocrx_word' id='word_1_29' title='bbox 237 515 353 558; x_wconf 85' lang='lat' dir='ltr'>aliqua</span> <span class='ocrx_word' id='word_1_30' title='bbox 371 521 404 548; x_wconf 92' lang='lat' dir='ltr'>et</span> <span class='ocrx_word' id='word_1_31' title='bbox 423 518 518 550; x_wconf 85' lang='lat' dir='ltr'>lauta</span> <span class='ocrx_word' id='word_1_32' title='bbox 540 518 761 552; x_wconf 86' lang='lat' dir='ltr'>fortunarum</span> <span class='ocrx_word' id='word_1_33' title='bbox 786 522 982 555; x_wconf 86' lang='lat' dir='ltr'>conditione</span> <span class='ocrx_word' id='word_1_34' title='bbox 1009 522 1156 562; x_wconf 88' lang='lat' dir='ltr'>Conaeo,</span> <span class='ocrx_word' id='word_1_35' title='bbox 1185 535 1286 568; x_wconf 85' lang='lat' dir='ltr'>saepe</span> <span class='ocrx_word' id='word_1_36' title='bbox 1315 528 1493 571; x_wconf 85' lang='lat' dir='ltr'>cogitavit.</span> <span class='ocrx_word' id='word_1_37' title='bbox 1540 529 1595 562; x_wconf 91' lang='lat' dir='ltr'>Eo</span> 
     </span>
     <span class='ocr_line' id='line_1_6' title="bbox 235 570 1595 621; baseline 0.012 -19"><span class='ocrx_word' id='word_1_38' title='bbox 235 570 271 602; x_wconf 88' lang='lat' dir='ltr'>in</span> <span class='ocrx_word' id='word_1_39' title='bbox 310 582 445 605; x_wconf 76' lang='lat' dir='ltr'>secessu</span> <span class='ocrx_word' id='word_1_40' title='bbox 491 575 721 616; x_wconf 89' lang='lat' dir='ltr'>complurium</span> <span class='ocrx_word' id='word_1_41' title='bbox 760 577 915 610; x_wconf 87' lang='lat' dir='ltr'>virorum</span> <span class='ocrx_word' id='word_1_42' title='bbox 955 589 1034 611; x_wconf 89' lang='lat' dir='ltr'>cum</span> <span class='ocrx_word' id='word_1_43' title='bbox 1073 581 1259 621; x_wconf 84' lang='lat' dir='ltr'>natalibus,</span> <span class='ocrx_word' id='word_1_44' title='bbox 1300 587 1376 616; x_wconf 89' lang='lat' dir='ltr'>tum</span> <span class='ocrx_word' id='word_1_45' title='bbox 1414 585 1595 618; x_wconf 86' lang='lat' dir='ltr'>literarum</span> 
     </span>
     <span class='ocr_line' id='line_1_7' title="bbox 234 627 1595 683; baseline 0.012 -25"><span class='ocrx_word' id='word_1_46' title='bbox 234 627 431 670; x_wconf 80' lang='lat' dir='ltr'>cognitione</span> <span class='ocrx_word' id='word_1_47' title='bbox 465 628 685 672; x_wconf 77' lang='lat' dir='ltr'>inclytorum,</span> <span class='ocrx_word' id='word_1_48' title='bbox 718 633 905 666; x_wconf 82' lang='lat' dir='ltr'>amicitiam</span> <span class='ocrx_word' id='word_1_49' title='bbox 935 635 1001 668; x_wconf 88' lang='lat' dir='ltr'>sibi</span> <span class='ocrx_word' id='word_1_50' title='bbox 1033 637 1240 676; x_wconf 89' lang='lat' dir='ltr'>conciliavit,</span> <span class='ocrx_word' id='word_1_51' title='bbox 1276 640 1313 672; x_wconf 91' lang='lat' dir='ltr'>in</span> <span class='ocrx_word' id='word_1_52' title='bbox 1353 641 1451 683; x_wconf 82' lang='lat' dir='ltr'>queis</span> <span class='ocrx_word' id='word_1_53' title='bbox 1494 641 1595 674; x_wconf 84' lang='lat' dir='ltr'>fami-</span> 
     </span>
     <span class='ocr_line' id='line_1_8' title="bbox 233 682 1594 734; baseline 0.013 -21"><span class='ocrx_word' id='word_1_54' title='bbox 233 682 416 716; x_wconf 88' lang='lat' dir='ltr'>liarissime</span> <span class='ocrx_word' id='word_1_55' title='bbox 451 689 502 717; x_wconf 85' lang='lat' dir='ltr'>est</span> <span class='ocrx_word' id='word_1_56' title='bbox 537 696 620 718; x_wconf 87' lang='lat' dir='ltr'>usus</span> <span class='ocrx_word' id='word_1_57' title='bbox 656 687 715 720; x_wconf 93' lang='lat' dir='ltr'>illo</span> <span class='ocrx_word' id='word_1_58' title='bbox 755 688 902 722; x_wconf 78' lang='lat' dir='ltr'>Nestore</span> <span class='ocrx_word' id='word_1_59' title='bbox 938 690 1088 725; x_wconf 84' lang='lat' dir='ltr'>Hercule</span> <span class='ocrx_word' id='word_1_60' title='bbox 1123 692 1356 734; x_wconf 82' lang='lat' dir='ltr'>Rondinellio,</span> <span class='ocrx_word' id='word_1_61' title='bbox 1396 701 1430 729; x_wconf 89' lang='lat' dir='ltr'>et</span> <span class='ocrx_word' id='word_1_62' title='bbox 1473 698 1516 730; x_wconf 89' lang='lat' dir='ltr'>ab</span> <span class='ocrx_word' id='word_1_63' title='bbox 1555 709 1594 731; x_wconf 87' lang='lat' dir='ltr'>eo</span> 
     </span>
     <span class='ocr_line' id='line_1_9' title="bbox 232 738 1593 795; baseline 0.012 -25"><span class='ocrx_word' id='word_1_64' title='bbox 232 738 454 773; x_wconf 85' lang='lat' dir='ltr'>vehementer</span> <span class='ocrx_word' id='word_1_65' title='bbox 477 742 690 776; x_wconf 85' lang='lat' dir='ltr'>aestimatus.</span> <span class='ocrx_word' id='word_1_66' title='bbox 754 744 807 777; x_wconf 89' lang='lat' dir='ltr'>Ne</span> <span class='ocrx_word' id='word_1_67' title='bbox 831 757 912 779; x_wconf 78' lang='lat' dir='ltr'>vero</span> <span class='ocrx_word' id='word_1_68' title='bbox 934 748 1007 780; x_wconf 89' lang='lat' dir='ltr'>sine</span> <span class='ocrx_word' id='word_1_69' title='bbox 1030 748 1145 782; x_wconf 88' lang='lat' dir='ltr'>fructu</span> <span class='ocrx_word' id='word_1_70' title='bbox 1170 757 1204 783; x_wconf 84' lang='lat' dir='ltr'>et</span> <span class='ocrx_word' id='word_1_71' title='bbox 1230 751 1320 784; x_wconf 87' lang='lat' dir='ltr'>linea</span> <span class='ocrx_word' id='word_1_72' title='bbox 1346 756 1482 795; x_wconf 89' lang='lat' dir='ltr'>tempus</span> <span class='ocrx_word' id='word_1_73' title='bbox 1508 755 1593 787; x_wconf 91' lang='lat' dir='ltr'>illud</span> 
     </span>
     <span class='ocr_line' id='line_1_10' title="bbox 231 795 1594 853; baseline 0.012 -27"><span class='ocrx_word' id='word_1_74' title='bbox 231 795 414 835; x_wconf 84' lang='lat' dir='ltr'>laberetur,</span> <span class='ocrx_word' id='word_1_75' title='bbox 457 798 589 841; x_wconf 84' lang='lat' dir='ltr'>aliquot</span> <span class='ocrx_word' id='word_1_76' title='bbox 630 800 800 833; x_wconf 88' lang='lat' dir='ltr'>viridibus</span> <span class='ocrx_word' id='word_1_77' title='bbox 835 803 947 835; x_wconf 90' lang='lat' dir='ltr'>adhuc</span> <span class='ocrx_word' id='word_1_78' title='bbox 980 808 1015 836; x_wconf 77' lang='lat' dir='ltr'>et</span> <span class='ocrx_word' id='word_1_79' title='bbox 1048 804 1328 840; x_wconf 85' lang='lat' dir='ltr'>herbescentibus</span> <span class='ocrx_word' id='word_1_80' title='bbox 1363 810 1474 848; x_wconf 86' lang='lat' dir='ltr'>annis,</span> <span class='ocrx_word' id='word_1_81' title='bbox 1510 822 1594 853; x_wconf 93' lang='lat' dir='ltr'>opu-</span> 
     </span>
     <span class='ocr_line' id='line_1_11' title="bbox 231 852 1594 902; baseline 0.012 -19"><span class='ocrx_word' id='word_1_82' title='bbox 231 852 326 884; x_wconf 90' lang='lat' dir='ltr'>scula</span> <span class='ocrx_word' id='word_1_83' title='bbox 359 863 463 886; x_wconf 86' lang='lat' dir='ltr'>canae</span> <span class='ocrx_word' id='word_1_84' title='bbox 494 855 699 888; x_wconf 89' lang='lat' dir='ltr'>eruditionis</span> <span class='ocrx_word' id='word_1_85' title='bbox 729 861 763 889; x_wconf 87' lang='lat' dir='ltr'>et</span> <span class='ocrx_word' id='word_1_86' title='bbox 794 859 1013 891; x_wconf 87' lang='lat' dir='ltr'>consiliorum</span> <span class='ocrx_word' id='word_1_87' title='bbox 1043 862 1145 902; x_wconf 84' lang='lat' dir='ltr'>plena</span> <span class='ocrx_word' id='word_1_88' title='bbox 1174 867 1226 895; x_wconf 90' lang='lat' dir='ltr'>est</span> <span class='ocrx_word' id='word_1_89' title='bbox 1256 865 1464 898; x_wconf 87' lang='lat' dir='ltr'>meditatus:</span> <span class='ocrx_word' id='word_1_90' title='bbox 1502 866 1594 899; x_wconf 85' lang='lat' dir='ltr'>inter</span> 
     </span>
     <span class='ocr_line' id='line_1_12' title="bbox 231 909 1592 965; baseline 0.013 -26"><span class='ocrx_word' id='word_1_91' title='bbox 231 918 318 950; x_wconf 85' lang='lat' dir='ltr'>quae</span> <span class='ocrx_word' id='word_1_92' title='bbox 350 909 478 942; x_wconf 87' lang='lat' dir='ltr'>eminet</span> <span class='ocrx_word' id='word_1_93' title='bbox 509 910 691 944; x_wconf 82' lang='lat' dir='ltr'>Institutio</span> <span class='ocrx_word' id='word_1_94' title='bbox 726 913 906 956; x_wconf 87' lang='lat' dir='ltr'>Principis,</span> <span class='ocrx_word' id='word_1_95' title='bbox 935 926 978 947; x_wconf 90' lang='lat' dir='ltr'>ex</span> <span class='ocrx_word' id='word_1_96' title='bbox 1007 916 1122 959; x_wconf 86' lang='lat' dir='ltr'>adytis</span> <span class='ocrx_word' id='word_1_97' title='bbox 1152 919 1358 960; x_wconf 85' lang='lat' dir='ltr'>prudentiae</span> <span class='ocrx_word' id='word_1_98' title='bbox 1387 926 1422 954; x_wconf 92' lang='lat' dir='ltr'>et</span> <span class='ocrx_word' id='word_1_99' title='bbox 1452 923 1592 965; x_wconf 87' lang='lat' dir='ltr'>pietatis</span> 
     </span>
     <span class='ocr_line' id='line_1_13' title="bbox 228 963 1593 1021; baseline 0.013 -26"><span class='ocrx_word' id='word_1_100' title='bbox 228 963 367 1002; x_wconf 89' lang='lat' dir='ltr'>dictata,</span> <span class='ocrx_word' id='word_1_101' title='bbox 412 966 627 999; x_wconf 87' lang='lat' dir='ltr'>luculentum</span> <span class='ocrx_word' id='word_1_102' title='bbox 666 973 867 1011; x_wconf 90' lang='lat' dir='ltr'>certumque</span> <span class='ocrx_word' id='word_1_103' title='bbox 902 971 1008 1003; x_wconf 88' lang='lat' dir='ltr'>animi</span> <span class='ocrx_word' id='word_1_104' title='bbox 1043 973 1086 1004; x_wconf 87' lang='lat' dir='ltr'>ad</span> <span class='ocrx_word' id='word_1_105' title='bbox 1120 984 1236 1007; x_wconf 87' lang='lat' dir='ltr'>rerum</span> <span class='ocrx_word' id='word_1_106' title='bbox 1276 987 1483 1021; x_wconf 83' lang='lat' dir='ltr'>magnarum</span> <span class='ocrx_word' id='word_1_107' title='bbox 1523 984 1593 1012; x_wconf 86' lang='lat' dir='ltr'>tra-</span> 
     </span>
     <span class='ocr_line' id='line_1_14' title="bbox 227 1020 1591 1074; baseline 0.012 -23"><span class='ocrx_word' id='word_1_108' title='bbox 227 1020 412 1053; x_wconf 87' lang='lat' dir='ltr'>ctationem</span> <span class='ocrx_word' id='word_1_109' title='bbox 448 1023 520 1055; x_wconf 87' lang='lat' dir='ltr'>nati</span> <span class='ocrx_word' id='word_1_110' title='bbox 557 1029 826 1067; x_wconf 79' lang='lat' dir='ltr'>argumentum3</span> <span class='ocrx_word' id='word_1_111' title='bbox 864 1031 899 1059; x_wconf 89' lang='lat' dir='ltr'>et</span> <span class='ocrx_word' id='word_1_112' title='bbox 929 1028 1094 1067; x_wconf 83' lang='lat' dir='ltr'>velitatio,</span> <span class='ocrx_word' id='word_1_113' title='bbox 1131 1030 1204 1063; x_wconf 87' lang='lat' dir='ltr'>sive</span> <span class='ocrx_word' id='word_1_114' title='bbox 1238 1034 1392 1074; x_wconf 89' lang='lat' dir='ltr'>prolusio</span> <span class='ocrx_word' id='word_1_115' title='bbox 1426 1035 1591 1068; x_wconf 88' lang='lat' dir='ltr'>adversus</span> 
     </span>
     <span class='ocr_line' id='line_1_15' title="bbox 228 1074 1591 1126; baseline 0.012 -19"><span class='ocrx_word' id='word_1_116' title='bbox 228 1074 411 1109; x_wconf 83' lang='lat' dir='ltr'>Scotorum</span> <span class='ocrx_word' id='word_1_117' title='bbox 442 1078 569 1117; x_wconf 89' lang='lat' dir='ltr'>hostes,</span> <span class='ocrx_word' id='word_1_118' title='bbox 600 1080 692 1112; x_wconf 88' lang='lat' dir='ltr'>edita</span> <span class='ocrx_word' id='word_1_119' title='bbox 726 1080 906 1115; x_wconf 85' lang='lat' dir='ltr'>Bononiae</span> <span class='ocrx_word' id='word_1_120' title='bbox 940 1084 1081 1117; x_wconf 88' lang='lat' dir='ltr'>absente</span> <span class='ocrx_word' id='word_1_121' title='bbox 1115 1091 1265 1126; x_wconf 85' lang='lat' dir='ltr'>auctore,</span> <span class='ocrx_word' id='word_1_122' title='bbox 1297 1089 1399 1122; x_wconf 90' lang='lat' dir='ltr'>titulo</span> <span class='ocrx_word' id='word_1_123' title='bbox 1435 1090 1591 1123; x_wconf 86' lang='lat' dir='ltr'>Praeme-</span> 
     </span>
     <span class='ocr_line' id='line_1_16' title="bbox 226 1132 1591 1182; baseline 0.013 -19"><span class='ocrx_word' id='word_1_124' title='bbox 226 1132 366 1170; x_wconf 88' lang='lat' dir='ltr'>tiarum,</span> <span class='ocrx_word' id='word_1_125' title='bbox 401 1144 506 1175; x_wconf 88' lang='lat' dir='ltr'>quam</span> <span class='ocrx_word' id='word_1_126' title='bbox 549 1135 764 1179; x_wconf 84' lang='lat' dir='ltr'>epigraphen</span> <span class='ocrx_word' id='word_1_127' title='bbox 808 1139 995 1182; x_wconf 87' lang='lat' dir='ltr'>ascripsere</span> <span class='ocrx_word' id='word_1_128' title='bbox 1037 1141 1138 1174; x_wconf 89' lang='lat' dir='ltr'>amici</span> <span class='ocrx_word' id='word_1_129' title='bbox 1175 1143 1332 1178; x_wconf 86' lang='lat' dir='ltr'>homines</span> <span class='ocrx_word' id='word_1_130' title='bbox 1375 1157 1473 1179; x_wconf 90' lang='lat' dir='ltr'>suam</span> <span class='ocrx_word' id='word_1_131' title='bbox 1516 1158 1591 1180; x_wconf 86' lang='lat' dir='ltr'>sen—</span> 
     </span>
     <span class='ocr_line' id='line_1_17' title="bbox 224 1187 1591 1247; baseline 0.015 -29"><span class='ocrx_word' id='word_1_132' title='bbox 224 1187 369 1219; x_wconf 82' lang='lat' dir='ltr'>tentiam</span> <span class='ocrx_word' id='word_1_133' title='bbox 404 1189 524 1221; x_wconf 88' lang='lat' dir='ltr'>secuti.</span> <span class='ocrx_word' id='word_1_134' title='bbox 584 1190 674 1223; x_wconf 90' lang='lat' dir='ltr'>Cum</span> <span class='ocrx_word' id='word_1_135' title='bbox 705 1197 821 1225; x_wconf 85' lang='lat' dir='ltr'>autem</span> <span class='ocrx_word' id='word_1_136' title='bbox 854 1195 946 1228; x_wconf 86' lang='lat' dir='ltr'>vitae</span> <span class='ocrx_word' id='word_1_137' title='bbox 972 1207 1083 1240; x_wconf 86' lang='lat' dir='ltr'>genus</span> <span class='ocrx_word' id='word_1_138' title='bbox 1116 1200 1384 1234; x_wconf 87' lang='lat' dir='ltr'>ecclesiasticum</span> <span class='ocrx_word' id='word_1_139' title='bbox 1414 1203 1478 1236; x_wconf 87' lang='lat' dir='ltr'>sibi</span> <span class='ocrx_word' id='word_1_140' title='bbox 1512 1215 1591 1247; x_wconf 90' lang='lat' dir='ltr'>pro-</span> 
     </span>
     <span class='ocr_line' id='line_1_18' title="bbox 223 1244 1590 1301; baseline 0.015 -27"><span class='ocrx_word' id='word_1_141' title='bbox 223 1244 394 1286; x_wconf 89' lang='lat' dir='ltr'>posuisset</span> <span class='ocrx_word' id='word_1_142' title='bbox 428 1244 597 1285; x_wconf 86' lang='lat' dir='ltr'>Conaeus‚</span> <span class='ocrx_word' id='word_1_143' title='bbox 634 1258 695 1280; x_wconf 85' lang='lat' dir='ltr'>nec</span> <span class='ocrx_word' id='word_1_144' title='bbox 728 1250 844 1282; x_wconf 82' lang='lat' dir='ltr'>aulam</span> <span class='ocrx_word' id='word_1_145' title='bbox 879 1253 1090 1286; x_wconf 86' lang='lat' dir='ltr'>saecularem</span> <span class='ocrx_word' id='word_1_146' title='bbox 1124 1256 1155 1288; x_wconf 89' lang='lat' dir='ltr'>ei</span> <span class='ocrx_word' id='word_1_147' title='bbox 1189 1258 1392 1301; x_wconf 84' lang='lat' dir='ltr'>cogitationi</span> <span class='ocrx_word' id='word_1_148' title='bbox 1427 1259 1590 1294; x_wconf 86' lang='lat' dir='ltr'>idoneum</span> 
     </span>
     <span class='ocr_line' id='line_1_19' title="bbox 223 1301 1589 1351; baseline 0.015 -20"><span class='ocrx_word' id='word_1_149' title='bbox 223 1310 296 1332; x_wconf 84' lang='lat' dir='ltr'>esse</span> <span class='ocrx_word' id='word_1_150' title='bbox 337 1301 556 1345; x_wconf 84' lang='lat' dir='ltr'>intelligeret,</span> <span class='ocrx_word' id='word_1_151' title='bbox 599 1303 720 1336; x_wconf 83' lang='lat' dir='ltr'>adulta</span> <span class='ocrx_word' id='word_1_152' title='bbox 757 1305 833 1348; x_wconf 86' lang='lat' dir='ltr'>jam</span> <span class='ocrx_word' id='word_1_153' title='bbox 876 1312 1006 1340; x_wconf 85' lang='lat' dir='ltr'>aestate</span> <span class='ocrx_word' id='word_1_154' title='bbox 1047 1311 1130 1343; x_wconf 87' lang='lat' dir='ltr'>anni</span> <span class='ocrx_word' id='word_1_155' title='bbox 1174 1321 1384 1347; x_wconf 80' lang='lat' dir='ltr'>MDCXXIII.</span> <span class='ocrx_word' id='word_1_156' title='bbox 1436 1319 1589 1351; x_wconf 86' lang='lat' dir='ltr'>maximo</span> 
     </span>
     <span class='ocr_line' id='line_1_20' title="bbox 225 1356 1587 1411; baseline 0.015 -24"><span class='ocrx_word' id='word_1_157' title='bbox 225 1360 333 1395; x_wconf 87' lang='lat' dir='ltr'>aestu,</span> <span class='ocrx_word' id='word_1_158' title='bbox 364 1356 415 1389; x_wconf 88' lang='lat' dir='ltr'>ita</span> <span class='ocrx_word' id='word_1_159' title='bbox 445 1358 582 1391; x_wconf 87' lang='lat' dir='ltr'>volente</span> <span class='ocrx_word' id='word_1_160' title='bbox 616 1359 701 1400; x_wconf 87' lang='lat' dir='ltr'>Deo,</span> <span class='ocrx_word' id='word_1_161' title='bbox 739 1360 889 1395; x_wconf 84' lang='lat' dir='ltr'>Romam</span> <span class='ocrx_word' id='word_1_162' title='bbox 923 1365 1030 1404; x_wconf 83' lang='lat' dir='ltr'>venit,</span> <span class='ocrx_word' id='word_1_163' title='bbox 1066 1368 1255 1411; x_wconf 86' lang='lat' dir='ltr'>statimque</span> <span class='ocrx_word' id='word_1_164' title='bbox 1292 1371 1328 1403; x_wconf 89' lang='lat' dir='ltr'>in</span> <span class='ocrx_word' id='word_1_165' title='bbox 1362 1372 1587 1407; x_wconf 84' lang='lat' dir='ltr'>illustrissimi</span> 
     </span>
     <span class='ocr_line' id='line_1_21' title="bbox 224 1412 1589 1473; baseline 0.015 -30"><span class='ocrx_word' id='word_1_166' title='bbox 224 1412 408 1445; x_wconf 84' lang='lat' dir='ltr'>cardinalis</span> <span class='ocrx_word' id='word_1_167' title='bbox 435 1413 632 1448; x_wconf 88' lang='lat' dir='ltr'>Montisalti</span> <span class='ocrx_word' id='word_1_168' title='bbox 658 1416 827 1450; x_wconf 88' lang='lat' dir='ltr'>familiam</span> <span class='ocrx_word' id='word_1_169' title='bbox 854 1420 1038 1462; x_wconf 86' lang='lat' dir='ltr'>admissus,</span> <span class='ocrx_word' id='word_1_170' title='bbox 1065 1424 1116 1457; x_wconf 85' lang='lat' dir='ltr'>ita</span> <span class='ocrx_word' id='word_1_171' title='bbox 1139 1435 1174 1457; x_wconf 84' lang='lat' dir='ltr'>se</span> <span class='ocrx_word' id='word_1_172' title='bbox 1197 1428 1464 1469; x_wconf 86' lang='lat' dir='ltr'>generosissimo</span> <span class='ocrx_word' id='word_1_173' title='bbox 1494 1431 1589 1473; x_wconf 85' lang='lat' dir='ltr'>prin-</span> 
     </span>
     <span class='ocr_line' id='line_1_22' title="bbox 222 1468 1587 1527; baseline 0.016 -29"><span class='ocrx_word' id='word_1_174' title='bbox 222 1468 289 1511; x_wconf 90' lang='lat' dir='ltr'>cipi</span> <span class='ocrx_word' id='word_1_175' title='bbox 323 1469 485 1511; x_wconf 86' lang='lat' dir='ltr'>probavit</span> <span class='ocrx_word' id='word_1_176' title='bbox 520 1482 656 1504; x_wconf 90' lang='lat' dir='ltr'>morum</span> <span class='ocrx_word' id='word_1_177' title='bbox 691 1474 865 1508; x_wconf 84' lang='lat' dir='ltr'>suavitate</span> <span class='ocrx_word' id='word_1_178' title='bbox 899 1481 933 1510; x_wconf 80' lang='lat' dir='ltr'>et</span> <span class='ocrx_word' id='word_1_179' title='bbox 967 1481 1229 1523; x_wconf 85' lang='lat' dir='ltr'>compositione,</span> <span class='ocrx_word' id='word_1_180' title='bbox 1266 1487 1306 1515; x_wconf 83' lang='lat' dir='ltr'>ut</span> <span class='ocrx_word' id='word_1_181' title='bbox 1339 1489 1417 1527; x_wconf 91' lang='lat' dir='ltr'>post</span> <span class='ocrx_word' id='word_1_182' title='bbox 1452 1497 1587 1520; x_wconf 86' lang='lat' dir='ltr'>menses</span> 
     </span>
     <span class='ocr_line' id='line_1_23' title="bbox 221 1525 1588 1585; baseline 0.015 -29"><span class='ocrx_word' id='word_1_183' title='bbox 221 1535 282 1557; x_wconf 88' lang='lat' dir='ltr'>sex</span> <span class='ocrx_word' id='word_1_184' title='bbox 316 1525 466 1559; x_wconf 86' lang='lat' dir='ltr'>moriens</span> <span class='ocrx_word' id='word_1_185' title='bbox 501 1527 746 1562; x_wconf 86' lang='lat' dir='ltr'>honestissimo</span> <span class='ocrx_word' id='word_1_186' title='bbox 779 1532 894 1576; x_wconf 69' lang='lat' dir='ltr'>legato</span> <span class='ocrx_word' id='word_1_187' title='bbox 932 1533 1110 1569; x_wconf 88' lang='lat' dir='ltr'>Conaeum</span> <span class='ocrx_word' id='word_1_188' title='bbox 1150 1539 1310 1572; x_wconf 85' lang='lat' dir='ltr'>auxerit:</span> <span class='ocrx_word' id='word_1_189' title='bbox 1345 1541 1405 1584; x_wconf 87' lang='lat' dir='ltr'>qui</span> <span class='ocrx_word' id='word_1_190' title='bbox 1440 1548 1588 1585; x_wconf 88' lang='lat' dir='ltr'>patrono</span> 
     </span>
     <span class='ocr_line' id='line_1_24' title="bbox 221 1581 1587 1637; baseline 0.015 -25"><span class='ocrx_word' id='word_1_191' title='bbox 221 1581 362 1614; x_wconf 87' lang='lat' dir='ltr'>orbatus</span> <span class='ocrx_word' id='word_1_192' title='bbox 397 1583 433 1615; x_wconf 90' lang='lat' dir='ltr'>in</span> <span class='ocrx_word' id='word_1_193' title='bbox 467 1584 657 1618; x_wconf 88' lang='lat' dir='ltr'>amicitiam</span> <span class='ocrx_word' id='word_1_194' title='bbox 691 1586 919 1622; x_wconf 88' lang='lat' dir='ltr'>illustrissimi</span> <span class='ocrx_word' id='word_1_195' title='bbox 962 1590 1006 1624; x_wconf 93' lang='lat' dir='ltr'>D.</span> <span class='ocrx_word' id='word_1_196' title='bbox 1052 1592 1228 1627; x_wconf 87' lang='lat' dir='ltr'>Francisci</span> <span class='ocrx_word' id='word_1_197' title='bbox 1271 1596 1466 1637; x_wconf 66' lang='lat' dir='ltr'>Baiberini,</span> <span class='ocrx_word' id='word_1_198' title='bbox 1510 1600 1587 1633; x_wconf 85' lang='lat' dir='ltr'>Ma-</span> 
     </span>
     <span class='ocr_line' id='line_1_25' title="bbox 219 1637 1584 1697; baseline 0.015 -29"><span class='ocrx_word' id='word_1_199' title='bbox 219 1637 319 1679; x_wconf 85' lang='lat' dir='ltr'>phaei</span> <span class='ocrx_word' id='word_1_200' title='bbox 354 1642 438 1671; x_wconf 91' lang='lat' dir='ltr'>tunc</span> <span class='ocrx_word' id='word_1_201' title='bbox 471 1641 666 1680; x_wconf 87' lang='lat' dir='ltr'>cardinalis,</span> <span class='ocrx_word' id='word_1_202' title='bbox 701 1653 794 1676; x_wconf 89' lang='lat' dir='ltr'>nunc</span> <span class='ocrx_word' id='word_1_203' title='bbox 827 1644 961 1679; x_wconf 87' lang='lat' dir='ltr'>Urbani</span> <span class='ocrx_word' id='word_1_204' title='bbox 996 1647 1099 1682; x_wconf 88' lang='lat' dir='ltr'><strong>VIII.</strong></span> <span class='ocrx_word' id='word_1_205' title='bbox 1141 1650 1319 1685; x_wconf 86' lang='lat' dir='ltr'>Pontificis</span> <span class='ocrx_word' id='word_1_206' title='bbox 1363 1653 1445 1697; x_wconf 86' lang='lat' dir='ltr'>Opt.</span> <span class='ocrx_word' id='word_1_207' title='bbox 1488 1655 1584 1689; x_wconf 84' lang='lat' dir='ltr'>Max.</span> 
     </span>
     <span class='ocr_line' id='line_1_26' title="bbox 219 1692 1586 1750; baseline 0.016 -26"><span class='ocrx_word' id='word_1_208' title='bbox 219 1692 337 1726; x_wconf 86' lang='lat' dir='ltr'>fratris</span> <span class='ocrx_word' id='word_1_209' title='bbox 363 1694 436 1733; x_wconf 87' lang='lat' dir='ltr'>filii,</span> <span class='ocrx_word' id='word_1_210' title='bbox 463 1706 498 1728; x_wconf 88' lang='lat' dir='ltr'>se</span> <span class='ocrx_word' id='word_1_211' title='bbox 524 1699 732 1739; x_wconf 79' lang='lat' dir='ltr'>penetravit,</span> <span class='ocrx_word' id='word_1_212' title='bbox 759 1701 819 1743; x_wconf 90' lang='lat' dir='ltr'>qui</span> <span class='ocrx_word' id='word_1_213' title='bbox 850 1701 977 1736; x_wconf 90' lang='lat' dir='ltr'>Conaei</span> <span class='ocrx_word' id='word_1_214' title='bbox 1004 1708 1253 1740; x_wconf 87' lang='lat' dir='ltr'>consuetudine</span> <span class='ocrx_word' id='word_1_215' title='bbox 1283 1709 1482 1750; x_wconf 88' lang='lat' dir='ltr'>delectatus,</span> <span class='ocrx_word' id='word_1_216' title='bbox 1517 1718 1586 1746; x_wconf 85' lang='lat' dir='ltr'>sta—</span> 
     </span>
     <span class='ocr_line' id='line_1_27' title="bbox 218 1749 1583 1807; baseline 0.016 -27"><span class='ocrx_word' id='word_1_217' title='bbox 218 1749 280 1781; x_wconf 89' lang='lat' dir='ltr'>tim</span> <span class='ocrx_word' id='word_1_218' title='bbox 306 1751 446 1784; x_wconf 89' lang='lat' dir='ltr'>admoto</span> <span class='ocrx_word' id='word_1_219' title='bbox 473 1753 634 1787; x_wconf 84' lang='lat' dir='ltr'>ecclesiae</span> <span class='ocrx_word' id='word_1_220' title='bbox 662 1756 758 1788; x_wconf 82' lang='lat' dir='ltr'>clavo</span> <span class='ocrx_word' id='word_1_221' title='bbox 784 1763 909 1799; x_wconf 86' lang='lat' dir='ltr'>patruo</span> <span class='ocrx_word' id='word_1_222' title='bbox 937 1760 1029 1793; x_wconf 89' lang='lat' dir='ltr'>inter</span> <span class='ocrx_word' id='word_1_223' title='bbox 1054 1763 1184 1804; x_wconf 91' lang='lat' dir='ltr'>primos</span> <span class='ocrx_word' id='word_1_224' title='bbox 1212 1765 1248 1796; x_wconf 88' lang='lat' dir='ltr'>in</span> <span class='ocrx_word' id='word_1_225' title='bbox 1278 1764 1447 1800; x_wconf 84' lang='lat' dir='ltr'>familiam</span> <span class='ocrx_word' id='word_1_226' title='bbox 1474 1779 1583 1807; x_wconf 86' lang='lat' dir='ltr'>suam,</span> 
     </span>
     <span class='ocr_line' id='line_1_28' title="bbox 218 1806 1583 1865; baseline 0.015 -28"><span class='ocrx_word' id='word_1_227' title='bbox 218 1806 353 1839; x_wconf 87' lang='lat' dir='ltr'>volente</span> <span class='ocrx_word' id='word_1_228' title='bbox 382 1808 553 1850; x_wconf 89' lang='lat' dir='ltr'>pontifice,</span> <span class='ocrx_word' id='word_1_229' title='bbox 586 1813 744 1851; x_wconf 84' lang='lat' dir='ltr'>vocavit;</span> <span class='ocrx_word' id='word_1_230' title='bbox 781 1824 849 1856; x_wconf 91' lang='lat' dir='ltr'>quo</span> <span class='ocrx_word' id='word_1_231' title='bbox 884 1816 958 1859; x_wconf 90' lang='lat' dir='ltr'>ipso</span> <span class='ocrx_word' id='word_1_232' title='bbox 993 1822 1147 1861; x_wconf 89' lang='lat' dir='ltr'>tempore</span> <span class='ocrx_word' id='word_1_233' title='bbox 1181 1820 1275 1853; x_wconf 85' lang='lat' dir='ltr'>dedit</span> <span class='ocrx_word' id='word_1_234' title='bbox 1309 1823 1457 1865; x_wconf 85' lang='lat' dir='ltr'>publico,</span> <span class='ocrx_word' id='word_1_235' title='bbox 1492 1826 1583 1858; x_wconf 88' lang='lat' dir='ltr'>dica-</span> 
     </span>
     <span class='ocr_line' id='line_1_29' title="bbox 218 1861 1581 1915; baseline 0.016 -22"><span class='ocrx_word' id='word_1_236' title='bbox 218 1861 337 1905; x_wconf 89' lang='lat' dir='ltr'>vitque</span> <span class='ocrx_word' id='word_1_237' title='bbox 371 1874 462 1898; x_wconf 91' lang='lat' dir='ltr'>novo</span> <span class='ocrx_word' id='word_1_238' title='bbox 495 1866 656 1910; x_wconf 83' lang='lat' dir='ltr'>principi,</span> <span class='ocrx_word' id='word_1_239' title='bbox 693 1867 889 1904; x_wconf 90' lang='lat' dir='ltr'>Historiam</span> <span class='ocrx_word' id='word_1_240' title='bbox 928 1873 969 1905; x_wconf 91' lang='lat' dir='ltr'>de</span> <span class='ocrx_word' id='word_1_241' title='bbox 1011 1876 1250 1909; x_wconf 84' lang='lat' dir='ltr'>serenissimae</span> <span class='ocrx_word' id='word_1_242' title='bbox 1291 1878 1473 1913; x_wconf 86' lang='lat' dir='ltr'>Scotorum</span> <span class='ocrx_word' id='word_1_243' title='bbox 1513 1881 1581 1915; x_wconf 86' lang='lat' dir='ltr'>Re-</span> 
     </span>
     <span class='ocr_line' id='line_1_30' title="bbox 216 1918 1581 1979; baseline 0.016 -30"><span class='ocrx_word' id='word_1_244' title='bbox 216 1918 317 1961; x_wconf 89' lang='lat' dir='ltr'>ginae</span> <span class='ocrx_word' id='word_1_245' title='bbox 339 1924 374 1952; x_wconf 86' lang='lat' dir='ltr'>et</span> <span class='ocrx_word' id='word_1_246' title='bbox 396 1920 565 1965; x_wconf 86' lang='lat' dir='ltr'>Martyris</span> <span class='ocrx_word' id='word_1_247' title='bbox 589 1923 724 1958; x_wconf 86' lang='lat' dir='ltr'>Mariae</span> <span class='ocrx_word' id='word_1_248' title='bbox 748 1925 930 1961; x_wconf 84' lang='lat' dir='ltr'>Stenartae</span> <span class='ocrx_word' id='word_1_249' title='bbox 947 1928 1057 1969; x_wconf 81' lang='lat' dir='ltr'>Vita3</span> <span class='ocrx_word' id='word_1_250' title='bbox 1085 1943 1174 1975; x_wconf 81' lang='lat' dir='ltr'>quae</span> <span class='ocrx_word' id='word_1_251' title='bbox 1199 1938 1239 1966; x_wconf 91' lang='lat' dir='ltr'>ut</span> <span class='ocrx_word' id='word_1_252' title='bbox 1263 1941 1444 1978; x_wconf 87' lang='lat' dir='ltr'>conspecta</span> <span class='ocrx_word' id='word_1_253' title='bbox 1468 1938 1581 1979; x_wconf 88' lang='lat' dir='ltr'>publi-</span> 
     </span>
     <span class='ocr_line' id='line_1_31' title="bbox 219 1975 1580 2033; baseline 0.016 -28"><span class='ocrx_word' id='word_1_254' title='bbox 219 1978 362 2017; x_wconf 87' lang='lat' dir='ltr'>cataque</span> <span class='ocrx_word' id='word_1_255' title='bbox 391 1975 470 2015; x_wconf 83' lang='lat' dir='ltr'>fuit,</span> <span class='ocrx_word' id='word_1_256' title='bbox 498 1982 678 2023; x_wconf 86' lang='lat' dir='ltr'>tantopere</span> <span class='ocrx_word' id='word_1_257' title='bbox 705 1982 814 2015; x_wconf 88' lang='lat' dir='ltr'>doctis</span> <span class='ocrx_word' id='word_1_258' title='bbox 844 1986 1144 2031; x_wconf 85' lang='lat' dir='ltr'>prudentibusque</span> <span class='ocrx_word' id='word_1_259' title='bbox 1172 1990 1314 2033; x_wconf 84' lang='lat' dir='ltr'>placuit,</span> <span class='ocrx_word' id='word_1_260' title='bbox 1346 1996 1385 2024; x_wconf 91' lang='lat' dir='ltr'>ut</span> <span class='ocrx_word' id='word_1_261' title='bbox 1420 2004 1489 2026; x_wconf 90' lang='lat' dir='ltr'>non</span> <span class='ocrx_word' id='word_1_262' title='bbox 1523 1995 1580 2027; x_wconf 89' lang='lat' dir='ltr'>de-</span> 
     </span>
     <span class='ocr_line' id='line_1_32' title="bbox 217 2028 1577 2084; baseline 0.018 -24"><span class='ocrx_word' id='word_1_263' title='bbox 217 2028 357 2068; x_wconf 90' lang='lat' dir='ltr'>fuerint,</span> <span class='ocrx_word' id='word_1_264' title='bbox 388 2033 449 2074; x_wconf 89' lang='lat' dir='ltr'>qui</span> <span class='ocrx_word' id='word_1_265' title='bbox 482 2034 519 2066; x_wconf 88' lang='lat' dir='ltr'>in</span> <span class='ocrx_word' id='word_1_266' title='bbox 553 2035 710 2080; x_wconf 88' lang='lat' dir='ltr'>linguam</span> <span class='ocrx_word' id='word_1_267' title='bbox 746 2038 903 2073; x_wconf 86' lang='lat' dir='ltr'>Italicam</span> <span class='ocrx_word' id='word_1_268' title='bbox 939 2044 1083 2076; x_wconf 87' lang='lat' dir='ltr'>verterit</span> <span class='ocrx_word' id='word_1_269' title='bbox 1116 2056 1218 2084; x_wconf 87' lang='lat' dir='ltr'>unus,</span> <span class='ocrx_word' id='word_1_270' title='bbox 1255 2048 1342 2080; x_wconf 81' lang='lat' dir='ltr'>alter</span> <span class='ocrx_word' id='word_1_271' title='bbox 1378 2050 1577 2083; x_wconf 86' lang='lat' dir='ltr'>universam</span> 
     </span>
     <span class='ocr_line' id='line_1_33' title="bbox 215 2087 1577 2141; baseline 0.018 -25"><span class='ocrx_word' id='word_1_272' title='bbox 215 2087 449 2132; x_wconf 86' lang='lat' dir='ltr'>narrationem</span> <span class='ocrx_word' id='word_1_273' title='bbox 479 2091 696 2131; x_wconf 84' lang='lat' dir='ltr'>politissimis</span> <span class='ocrx_word' id='word_1_274' title='bbox 729 2096 886 2129; x_wconf 83' lang='lat' dir='ltr'>versibus</span> <span class='ocrx_word' id='word_1_275' title='bbox 919 2096 1102 2133; x_wconf 87' lang='lat' dir='ltr'>Hetruscis</span> <span class='ocrx_word' id='word_1_276' title='bbox 1132 2102 1333 2141; x_wconf 87' lang='lat' dir='ltr'>includeret,</span> <span class='ocrx_word' id='word_1_277' title='bbox 1365 2106 1577 2139; x_wconf 87' lang='lat' dir='ltr'>clarissimus</span> 
     </span>
     <span class='ocr_line' id='line_1_34' title="bbox 214 2141 1578 2198; baseline 0.019 -26"><span class='ocrx_word' id='word_1_278' title='bbox 214 2141 278 2179; x_wconf 89' lang='lat' dir='ltr'>vir,</span> <span class='ocrx_word' id='word_1_279' title='bbox 311 2150 344 2175; x_wconf 87' lang='lat' dir='ltr'>et</span> <span class='ocrx_word' id='word_1_280' title='bbox 374 2145 586 2179; x_wconf 85' lang='lat' dir='ltr'>tersissimus</span> <span class='ocrx_word' id='word_1_281' title='bbox 614 2153 726 2190; x_wconf 88' lang='lat' dir='ltr'>poeta,</span> <span class='ocrx_word' id='word_1_282' title='bbox 759 2150 963 2186; x_wconf 89' lang='lat' dir='ltr'>Franciscus</span> <span class='ocrx_word' id='word_1_283' title='bbox 999 2155 1229 2191; x_wconf 85' lang='lat' dir='ltr'>Braciolinus.</span> <span class='ocrx_word' id='word_1_284' title='bbox 1284 2159 1477 2195; x_wconf 83' lang='lat' dir='ltr'>Maximam</span> <span class='ocrx_word' id='word_1_285' title='bbox 1511 2164 1578 2198; x_wconf 90' lang='lat' dir='ltr'>isto</span> 
     </span>
     <span class='ocr_line' id='line_1_35' title="bbox 213 2198 1577 2262; baseline 0.018 -34"><span class='ocrx_word' id='word_1_286' title='bbox 213 2198 341 2240; x_wconf 91' lang='lat' dir='ltr'>scripto</span> <span class='ocrx_word' id='word_1_287' title='bbox 376 2202 649 2242; x_wconf 88' lang='lat' dir='ltr'>expectationem</span> <span class='ocrx_word' id='word_1_288' title='bbox 684 2207 775 2248; x_wconf 86' lang='lat' dir='ltr'>apud</span> <span class='ocrx_word' id='word_1_289' title='bbox 814 2219 931 2242; x_wconf 90' lang='lat' dir='ltr'>omnes</span> <span class='ocrx_word' id='word_1_290' title='bbox 973 2212 1139 2246; x_wconf 87' lang='lat' dir='ltr'>excitavit</span> <span class='ocrx_word' id='word_1_291' title='bbox 1181 2216 1314 2260; x_wconf 85' lang='lat' dir='ltr'>majora</span> <span class='ocrx_word' id='word_1_292' title='bbox 1356 2219 1437 2250; x_wconf 90' lang='lat' dir='ltr'>olim</span> <span class='ocrx_word' id='word_1_293' title='bbox 1480 2231 1577 2262; x_wconf 87' lang='lat' dir='ltr'>prae-</span> 
     </span>
     <span class='ocr_line' id='line_1_36' title="bbox 212 2254 1576 2317; baseline 0.019 -33"><span class='ocrx_word' id='word_1_294' title='bbox 212 2254 351 2293; x_wconf 86' lang='lat' dir='ltr'>standi;</span> <span class='ocrx_word' id='word_1_295' title='bbox 379 2260 482 2299; x_wconf 86' lang='lat' dir='ltr'>atque</span> <span class='ocrx_word' id='word_1_296' title='bbox 513 2268 604 2291; x_wconf 89' lang='lat' dir='ltr'>nunc</span> <span class='ocrx_word' id='word_1_297' title='bbox 634 2271 716 2302; x_wconf 88' lang='lat' dir='ltr'>prae</span> <span class='ocrx_word' id='word_1_298' title='bbox 741 2263 901 2297; x_wconf 87' lang='lat' dir='ltr'>manibus</span> <span class='ocrx_word' id='word_1_299' title='bbox 936 2265 1039 2300; x_wconf 85' lang='lat' dir='ltr'>habet</span> <span class='ocrx_word' id='word_1_300' title='bbox 1073 2270 1115 2301; x_wconf 88' lang='lat' dir='ltr'>de</span> <span class='ocrx_word' id='word_1_301' title='bbox 1149 2270 1343 2316; x_wconf 86' lang='lat' dir='ltr'>Religionis</span> <span class='ocrx_word' id='word_1_302' title='bbox 1377 2276 1469 2317; x_wconf 85' lang='lat' dir='ltr'>apud</span> <span class='ocrx_word' id='word_1_303' title='bbox 1498 2276 1576 2308; x_wconf 85' lang='lat' dir='ltr'>Sco-</span> 
     </span>
     <span class='ocr_line' id='line_1_37' title="bbox 212 2309 1575 2373; baseline 0.019 -33"><span class='ocrx_word' id='word_1_304' title='bbox 212 2312 265 2341; x_wconf 90' lang='lat' dir='ltr'>tos</span> <span class='ocrx_word' id='word_1_305' title='bbox 295 2309 330 2342; x_wconf 89' lang='lat' dir='ltr'>in</span> <span class='ocrx_word' id='word_1_306' title='bbox 361 2310 453 2344; x_wconf 86' lang='lat' dir='ltr'>hunc</span> <span class='ocrx_word' id='word_1_307' title='bbox 479 2323 587 2357; x_wconf 87' lang='lat' dir='ltr'>usque</span> <span class='ocrx_word' id='word_1_308' title='bbox 617 2316 708 2349; x_wconf 90' lang='lat' dir='ltr'>diem</span> <span class='ocrx_word' id='word_1_309' title='bbox 735 2317 836 2352; x_wconf 87' lang='lat' dir='ltr'>Statu</span> <span class='ocrx_word' id='word_1_310' title='bbox 865 2324 1142 2365; x_wconf 87' lang='lat' dir='ltr'>compendiosam</span> <span class='ocrx_word' id='word_1_311' title='bbox 1170 2327 1364 2368; x_wconf 85' lang='lat' dir='ltr'>historiam,</span> <span class='ocrx_word' id='word_1_312' title='bbox 1392 2342 1494 2373; x_wconf 88' lang='lat' dir='ltr'>quam</span> <span class='ocrx_word' id='word_1_313' title='bbox 1524 2344 1575 2365; x_wconf 84' lang='lat' dir='ltr'>re-</span> 
     </span>
    </p>
   </div>
  </div>
 </body>
</html>
