1861 2682
622 286 794 319 GENTIS
818 286 1088 324 SCOTORUM,
1114 286 1200 317 LIB.
1226 286 1269 317 11.
1588 290 1630 319 83

264 387 319 414 tor
352 381 479 427 regius,
513 380 554 413 de
588 379 779 413 Nobilitate
813 390 886 422 cap.
924 387 1041 411 XXXI.
1076 389 1220 412 numero
1255 387 1413 412 CCCXVI.
1454 379 1624 424 Sigebert.

263 437 481 470 Gemblacen.
497 436 532 469 in
547 435 718 469 Chronico
733 435 776 468 ad
790 445 920 467 annum
935 443 1081 467 vant.
1114 439 1134 453 “
1147 434 1259 479 Virgo
1272 434 1339 468 Dei
1353 435 1510 480 Brigitta
1523 435 1623 470 Scota

264 492 350 525 obiit
368 493 404 525 in
422 492 569 525 Scotia.”
606 490 773 534 Aequalis
788 490 856 523 fuit
869 490 903 522 S.
920 489 1118 524 Benedicto.
1156 490 1243 523 Ant.
1263 490 1450 524 Sabellicus
1465 491 1624 526 Ennead.

264 556 350 580 v111.
363 548 419 580 lib.
433 556 473 580 11.
490 553 510 566 ⁴⁶
523 548 606 580 Fuit
619 547 649 579 ei
665 547 713 589 (S.
729 546 930 590 Benedicto)
942 547 1094 589 aequalis
1107 546 1254 592 Brigida
1268 547 1303 579 in
1317 547 1432 580 Scotia
1446 552 1537 588 nata,
1552 560 1624 582 cae-

262 608 376 636 terum
395 604 578 636 sanctitate
596 603 775 646 insignis.'’
826 602 982 645 Raphael
995 601 1246 636 Volaterranus
1260 602 1318 635 lib.
1335 611 1421 636 xx1.
1441 603 1624 638 Commen-

260 659 428 691 tariorum
446 669 526 702 pag.
547 666 729 691 Dcxxxv.
757 663 778 677 ‘⁶
792 657 876 691 Fuit
896 662 930 690 et
947 658 1056 691 altera
1073 657 1220 702 Brigida
1238 658 1348 703 virgo,
1367 658 1470 692 Scota
1486 670 1622 704 genere,

261 714 326 747 sub
342 713 366 746 J
368 724 477 747 oanne
496 714 524 746 Ι.
543 725 634 747 anno
653 715 787 747 Dxxt.”
838 713 896 746 Ex
913 724 982 757 quo
999 718 1095 757 patet
1113 713 1199 747 falso
1217 714 1413 748 Gilbertum
1432 716 1623 751 Genebrar-

259 770 344 802 dum
369 769 556 803 affirmasse
583 770 725 803 eandem
753 770 848 803 illam
874 780 947 802 esse
972 780 1051 802 cum
1077 769 1217 814 Brigita
1241 771 1378 804 ducissa
1403 770 1560 806 Neritiae
1586 774 1622 807 in

258 824 384 865 Scotia,
402 837 490 869 quae
508 831 542 859 et
560 827 666 859 vidua
680 826 758 864 fuit,
773 836 851 859 cum
868 826 952 858 haec
968 830 1088 858 nostra
1105 826 1151 859 sit
1168 827 1289 871 virg0;
1310 828 1429 861 multis
1442 833 1521 871 post
1534 829 1623 863 hanc

258 882 382 914 seculis
400 893 440 914 ea
457 882 592 920 claruit,
610 882 739 915 scilicet
757 892 847 914 anno
866 890 1068 915 MCCLXIII.
1093 881 1286 916 Coaetanea
1307 884 1413 916 etiam
1438 884 1521 918 haec
1543 896 1623 919 nos-

258 941 312 969 tra
329 936 364 969 S.
384 936 547 976 Patricio,
562 937 749 980 eodemque
763 938 846 976 loco,
861 937 957 970 Duni
972 937 1111 977 scilicet,
1125 949 1195 970 una
1212 949 1290 971 cum
1308 950 1348 972 eo
1366 941 1523 982 sepulta:
1541 942 1620 975 licet

257 993 412 1025 canonici
430 992 664 1026 Abrenethaei
688 1003 724 1025 se
746 993 872 1026 habere
897 993 991 1025 illius
1014 1003 1150 1026 sacrum
1174 1004 1298 1037 corpus
1321 995 1358 1028 in
1382 995 1463 1029 Fifa
1486 997 1621 1031 Scotiae

258 1048 502 1087 existimarint,
520 1053 559 1081 ut
578 1059 620 1081 ex
637 1048 722 1081 actis
741 1049 833 1081 illius
851 1049 1010 1081 ecelesiae
1028 1050 1148 1082 retulit
1165 1049 1329 1084 Leslaeus
1351 1051 1389 1084 in
1412 1053 1486 1086 loco
1503 1054 1621 1086 lauda-

259 1108 305 1141 to,
328 1108 444 1137 tamen
467 1115 530 1147 pro
555 1104 794 1137 Hibernorum
818 1105 990 1137 sententia
1013 1109 1107 1138 stant
1128 1107 1263 1150 vulgati
1288 1117 1419 1146 versus,
1437 1119 1459 1141 a
1476 1108 1619 1142 Giraldo

257 1157 460 1192 Cambrensi
477 1160 577 1192 relati
595 1160 654 1192 lib.
676 1169 717 1192 11.
737 1160 1005 1205 Topographiae
1024 1160 1214 1195 Hiberniae
1231 1173 1306 1206 cap.
1326 1172 1473 1197 xxxlx.

550 1249 591 1276 Hi
606 1254 663 1278 tres
677 1250 707 1277 in
722 1251 809 1278 Duno
823 1251 933 1278 tumulo
947 1252 1126 1280 tumulantur
1140 1254 1170 1281 in
1182 1263 1247 1286 uno,

587 1295 711 1332 Brigida,
728 1295 875 1328 Patricius,
890 1301 974 1334 atque
990 1297 1125 1326 Columba
1139 1300 1211 1336 pius.

303 1382 435 1416 Verum
461 1383 653 1416 audiendus
681 1382 728 1415 H.
756 1382 925 1416 Boethius
950 1384 1009 1417 lib.
1038 1393 1093 1418 1x.
1126 1385 1220 1420 Hist.
1248 1387 1340 1422 Scot.
1367 1401 1446 1435 pag.
1475 1399 1616 1425 chm.

256 1443 275 1457 “
292 1438 389 1472 Inter
403 1443 575 1472 nostrates
591 1438 748 1484 Brigida,
762 1440 980 1473 sanctissima
993 1440 1113 1485 virgo:
1131 1441 1226 1481 haec,
1240 1451 1324 1476 XIV.
1337 1455 1428 1477 anno
1444 1446 1503 1478 vix
1517 1457 1616 1490 supe-

254 1500 340 1534 rato,
358 1495 402 1527 ad
420 1494 648 1527 Sodorensem
668 1495 866 1538 episcopum
885 1496 922 1528 iu
940 1495 1084 1529 Monam
1102 1497 1251 1531 insulam
1272 1499 1391 1544 (hujus
1405 1505 1522 1534 autem
1538 1503 1617 1540 viri,

253 1550 355 1583 sicuti
373 1551 521 1583 aliorum
539 1551 780 1593 complurium,
799 1555 973 1585 vetustate
991 1553 1142 1586 nominis
1164 1556 1331 1588 memoria
1354 1557 1457 1599 periit
1482 1558 1616 1599 (revera

252 1612 370 1639 tamen
388 1605 554 1638 Machina
572 1606 765 1651 dicebatur)
788 1608 941 1650 paternis
959 1607 1121 1648 fortunis,
1140 1620 1228 1653 quae
1250 1612 1483 1654 amplissimae
1506 1620 1616 1652 erant,

253 1663 470 1706 contemptis,
491 1662 641 1711 aufugit,
661 1663 819 1706 precibus
841 1674 911 1696 non
929 1664 1002 1696 sine
1020 1665 1207 1709 lachrymis
1225 1672 1356 1710 petens,
1374 1673 1414 1701 ut
1431 1675 1617 1712 perpetuae

252 1718 448 1762 virginitati
466 1718 643 1761 pontificia
662 1719 874 1752 authoritate
892 1720 1119 1754 addiceretur.
1160 1723 1324 1756 Pontifex
1338 1730 1512 1767 acceptam
1527 1727 1616 1759 mira

254 1773 467 1817 benignitate
489 1774 672 1818 Brigidam
700 1775 871 1819 virginem
894 1775 969 1809 Deo
991 1778 1152 1817 sacravit,
1175 1779 1337 1823 deditque
1360 1785 1400 1813 ut
1424 1781 1500 1814 alba
1524 1783 1616 1815 tuui-

251 1840 290 1861 ca
314 1833 446 1862 scortea
467 1830 672 1863 intercincta
693 1842 781 1863 zona
803 1836 971 1871 uteretur,
998 1837 1199 1877 tegumento
1224 1836 1346 1878 capitis
1371 1837 1442 1869 lino
1468 1838 1614 1871 canden-

255 1885 281 1917 ti
301 1885 481 1927 quadrato,
499 1897 519 1918 a
536 1887 666 1919 cervice
685 1888 728 1920 ad
747 1887 908 1920 humeros
926 1888 1069 1932 dejecto.
1112 1889 1248 1924 Effecta
1265 1896 1318 1924 est
1335 1892 1487 1936 ejusdem
1508 1894 1613 1939 virgi-

252 1941 305 1972 nis
324 1940 366 1972 ad
385 1942 622 1983 posteritatem
644 1943 688 1976 ob
712 1944 878 1986 pietatem
901 1944 1073 1989 insignem
1098 1947 1239 1980 celebris
1263 1948 1348 1980 adeo
1370 1950 1547 1989 memoria,
1571 1956 1611 1984 ut

251 1995 356 2034 Scoti,
376 1995 477 2034 Picti,
497 1996 689 2037 Hibernici,
706 2004 741 2032 et
757 1999 817 2042 qui
836 2000 904 2032 illis
922 2001 1084 2044 gentibus
1109 2003 1240 2036 vicinas
1262 2003 1391 2038 habent
1408 2005 1516 2044 sedes,
1536 2006 1612 2039 An-

249 2052 309 2096 gli,
335 2061 411 2084 eam
436 2052 527 2085 inter
551 2053 718 2087 foeminas
739 2066 825 2098 quas
843 2055 1043 2090 Christiana
1061 2059 1201 2091 ecclesia
1218 2059 1254 2091 in
1272 2064 1470 2094 sanctorum
1489 2073 1610 2095 nume·-

250 2118 328 2140 rum
342 2107 472 2145 retulit,
487 2109 674 2141 secundum
687 2109 874 2153 Deiparam
887 2110 1069 2157 Virginem
1082 2115 1267 2158 praecipua
1277 2127 1412 2160 semper
1425 2117 1610 2151 habuerint

250 2163 482 2196 veneratione.
513 2163 660 2207 Templa
672 2164 836 2209 Brigidae
851 2168 982 2201 nomini
997 2169 1088 2202 inter
1101 2170 1164 2203 hos
1175 2172 1320 2214 populos
1333 2184 1439 2212 sacra,
1452 2178 1537 2217 quot
1550 2174 1610 2206 vix

250 2219 396 2263 alicujus
414 2220 585 2258 divorum,
604 2220 709 2264 hujus
727 2221 777 2253 rei
795 2226 887 2255 certa
905 2228 986 2256 sunt
1004 2225 1161 2259 indicia.''
1213 2227 1320 2261 Plura
1338 2229 1460 2262 deinde
1477 2230 1519 2262 de
1537 2241 1609 2262 cor-

250 2285 342 2317 pore.
369 2274 515 2307 Arnold.
531 2274 696 2308 Mirman.
713 2276 866 2310 Theatro
880 2277 1045 2313 Convers.
1060 2281 1162 2315 Gent.
1179 2288 1199 2302 “
1211 2283 1245 2316 S.
1260 2283 1408 2329 Brigida
1421 2296 1460 2319 eo
1474 2296 1557 2318 aevo
1571 2286 1606 2317 in

250 2329 365 2364 Scotia
383 2342 480 2365 rarae
497 2332 783 2377 prodigiosaeque
800 2334 1024 2368 sanctitatis.’'
1075 2337 1271 2373 Chronicon
1289 2339 1492 2373 Coloniense
1514 2342 1605 2384 apud
