1861 2682
649 262 873 294 HISTORIA
899 263 1275 294 ECCLESIASTICA.
1576 266 1636 297 129

272 356 535 394 venerebantur,
558 355 658 399 cujus
681 355 843 388 Sednlius
861 360 962 399 poeta
980 357 1189 389 mentionem
1214 356 1298 389 facit
1320 356 1356 389 in
1384 356 1540 389 Paschali
1565 368 1634 389 me-

273 412 359 444 trico
377 411 539 450 carmine,
558 412 607 444 ita
625 412 752 450 dicens,

563 474 635 501 Cum
651 483 700 501 sua
714 473 835 510 gentiles
849 474 982 502 studeant
997 474 1130 510 figmenta
1145 479 1243 511 poetae

565 519 749 547 Grandisonis
762 530 892 558 pompare
907 519 1022 551 modis,’'
1037 521 1087 547 &c-

320 583 520 616 Matthaeus
538 583 921 617 XVestmonasteriensis
940 584 976 616 in
995 583 1088 617 Flor.
1115 582 1303 617 Historiar.
1327 595 1418 616 anno
1438 593 1632 617 Dchvnl.

271 643 290 656 ‘⁶
311 638 416 671 Hunc
434 638 558 671 Getam
577 640 710 672 dudum
738 641 870 684 Pagani
890 640 1155 678 venerabantur,
1180 640 1278 684 cujus
1297 639 1458 673 Sedulius
1477 648 1579 683 poeta
1597 642 1632 673 in

271 694 429 727 Paschali
444 695 596 727 camnine
610 696 821 728 mentionem
836 696 963 728 faciens
979 697 1028 729 ita
1042 707 1184 729 exorsus
1199 701 1251 729 est
1263 697 1293 735 ;''
1308 701 1343 729 et
1356 697 1502 729 eundem
1518 698 1631 729 locum

269 750 404 793 repetit.
460 750 655 784 Venantius
683 751 910 790 Fortunatus,
934 751 1115 795 presbyter
1141 751 1262 790 Italus,
1290 756 1324 785 et
1349 752 1533 786 Pictonum
1561 753 1632 796 epi-

269 816 405 848 scopus,
419 817 498 839 eum
513 807 577 839 sibi
590 808 804 850 sequendum
820 808 993 851 proponit,
1012 808 1079 840 nisi
1098 808 1191 850 quod
1209 808 1250 840 de
1268 809 1481 851 assequenda
1500 810 1629 853 ingenii

268 862 343 904 ejus
361 868 395 894 et
414 873 521 895 venae
539 862 696 895 ubertate
714 864 871 906 desperet
887 874 896 902 ;
920 864 970 896 ita
988 864 1079 896 enim
1098 864 1157 896 lib.
1179 872 1265 896 Vl11.
1284 875 1380 897 num.
1402 873 1425 897 Ι.

562 932 646 967 Quod
660 938 738 961 tonat
753 933 929 964 Ambrosius,
946 933 1139 971 Hieronymus
1153 939 1239 970 atquc
1252 939 1386 967 coruscat,

599 979 666 1006 Sive
682 979 862 1016 Augustinus
876 979 954 1006 fonte
969 978 1075 1006 fluente
1089 979 1172 1016 rigat,

561 1023 696 1052 sedulius
711 1025 810 1057 dulcis,
825 1024 899 1062 quod
915 1024 1032 1052 Orosius
1046 1024 1106 1052 edit
1121 1029 1230 1052 acutus.

268 1087 313 1121 Et
333 1088 375 1120 de
393 1087 476 1121 Vita
496 1087 531 1120 S.
552 1087 697 1122 Martini
716 1089 752 1121 in
770 1089 961 1132 principio:

559 1171 637 1198 Hinc
650 1182 761 1209 quoque
775 1173 916 1210 conspicui
930 1172 1050 1200 radiavit
1064 1173 1162 1210 lingua
1177 1173 1284 1201 Seduli.

312 1248 453 1286 Omnia,
488 1249 746 1290 quantumlibet
782 1251 968 1293 praeclara,
1003 1252 1157 1284 encomia
1189 1257 1330 1294 superat
1360 1253 1488 1286 Gelasii
1520 1265 1628 1297 papae

261 1304 433 1348 judicium
451 1303 487 1335 in
506 1303 653 1337 Decreto
671 1304 831 1338 Gratiani
849 1306 1002 1339 distinct.
1023 1315 1090 1338 xv.
1110 1318 1183 1350 cap.
1204 1317 1263 1340 111.
1288 1313 1309 1326 “
1326 1308 1543 1343 Venerabilis
1562 1311 1628 1343 viri

264 1359 396 1393 Sedulii
415 1359 581 1392 Paschale
599 1371 696 1403 opus,
721 1361 814 1404 quod
841 1361 987 1394 heroicis
1013 1362 1151 1404 scripsit
1175 1363 1343 1403 versibus,
1369 1365 1499 1409 insigni
1527 1366 1628 1398 laude

265 1415 504 1458 proferimus.’'
547 1414 615 1449 Est
629 1411 663 1449 et
675 1420 769 1450 tomo
782 1425 818 1449 V.
831 1416 999 1450 Biblioth.
1016 1416 1075 1451 SS.
1089 1417 1237 1451 Patrum
1252 1418 1384 1453 Liberii
1399 1425 1518 1464 poetae
1533 1432 1626 1454 acro·

264 1471 433 1504 stichum:

541 1573 560 1600 S
591 1573 703 1601 edulius
722 1574 838 1601 Domini
852 1584 903 1612 per
916 1574 993 1603 culta
1008 1575 1117 1603 novalia
1131 1585 1235 1613 pergen

540 1619 564 1646 E
591 1630 608 1647 n
624 1619 682 1647 loca
695 1620 839 1658 conspexit
853 1621 943 1649 multo
957 1621 1094 1650 radiantia
1110 1621 1159 1650 flor

539 1665 566 1692 D
592 1666 704 1693 iscurrit
719 1676 767 1703 per
781 1672 861 1704 prata
874 1667 973 1700 libens,
989 1678 1044 1705 quo
1056 1669 1183 1705 gramine
1198 1669 1272 1697 Davi

542 1711 568 1737 V
589 1711 642 1739 idit
657 1712 752 1739 divino
765 1712 956 1741 modulantem
970 1714 1094 1742 carmina
1108 1720 1173 1742 cant

538 1757 563 1784 L
592 1757 695 1785 audato
708 1758 846 1795 psallente
861 1759 920 1787 viro
934 1759 1028 1787 refluit
1041 1760 1164 1788 citharae
1178 1771 1223 1788 nie

542 1803 554 1830 I
593 1803 630 1831 lle
645 1804 692 1831 ubi
707 1804 868 1841 grandisoni
883 1811 981 1842 captus
995 1805 1144 1834 dulcedine
1159 1806 1249 1844 plectr

537 1849 565 1876 U
590 1850 671 1883 titur,
686 1855 714 1877 et
733 1850 815 1878 celeri
830 1851 958 1887 graditur
972 1861 1021 1889 per
1035 1851 1094 1879 lilia
1108 1862 1170 1889 pass

537 1895 556 1922 S
589 1901 751 1933 acratosque
766 1896 869 1924 iterum
884 1897 940 1925 late
954 1898 1097 1935 prospexit
1112 1908 1226 1926 amoeno

537 1942 565 1968 A
590 1947 688 1970 eterna
703 1942 808 1970 Christi
822 1942 921 1970 fluvios
935 1953 1003 1980 quos
1017 1944 1106 1971 abluit
1120 1944 1179 1972 und

536 1987 567 2014 N
587 1997 619 2015 ec
633 1998 729 2025 passus
743 1993 853 2026 torpere
868 1989 916 2017 diu
932 1989 1051 2017 doctoris
1065 2000 1162 2018 acume

536 2032 561 2060 T
590 2043 645 2061 unc
659 2044 709 2061 sua
723 2034 860 2062 Davidico
873 2035 985 2063 delectu
999 2035 1106 2073 plectra
1120 2037 1229 2074 poposci

539 2078 550 2104 I
593 2080 663 2107 rrita
677 2080 778 2117 polluti
793 2082 962 2119 contempsit
976 2082 1092 2110 numina
1106 2083 1194 2110 mund

595 2125 659 2162 igna
674 2126 762 2153 crucis
777 2127 862 2154 fronti
876 2129 965 2165 ponit,
979 2129 1157 2166 breviterque
1172 2129 1315 2167 triumpho
1345 2131 1364 2157 S

593 2171 681 2207 angit,
696 2172 817 2204 Christe,
831 2178 905 2206 tuos,
920 2183 1122 2212 numerosaque
1135 2175 1241 2212 praelia
1254 2176 1310 2204 liba
1340 2176 1365 2203 T

591 2225 638 2253 rgo
653 2217 696 2244 his
709 2217 776 2244 dum
791 2218 866 2246 vario
880 2218 990 2247 decorat
1003 2230 1054 2248 sua
1067 2230 1132 2248 rura
1146 2221 1219 2250 color
1340 2222 1364 2249 E

590 2262 690 2290 tabunt
704 2262 733 2290 hi
747 2264 844 2300 gracili
859 2264 937 2293 ducti
951 2266 1093 2295 testudine
1107 2276 1190 2295 versu
1337 2269 1363 2294 S.

936 2323 952 2345 S

1341 1577 1379 2111 **-32>m<:—t-⁴c:t:mm

535 2123 562 2287 mmqm
