1861 2682
618 265 790 298 GENTIS
815 263 1084 301 SCOTORUM,
1109 263 1196 294 LIB.
1221 264 1247 295 I.
1574 264 1616 296 39

256 359 320 393 sub
337 359 476 392 nomine
495 358 550 391 Pii
569 357 616 391 ΙΙ.
637 362 753 391 tamen
771 357 854 401 quia
876 357 1011 401 legatus
1034 356 1071 389 in
1096 355 1211 390 Scotia
1235 355 1315 395 fuit,
1339 360 1374 389 et
1396 366 1451 389 res
1477 360 1613 389 nostras

256 416 393 458 scriptis
411 415 483 448 suis
501 413 702 452 illustravit,
726 423 912 456 pacemque
935 411 1089 457 Eugenii
1113 411 1177 445 IV.
1202 412 1366 445 mandato
1391 410 1548 450 confecit,
1573 416 1613 445 ut

257 471 362 504 habet
389 470 490 503 Hect.
515 469 640 503 Boeth.
665 469 724 502 lib.
749 477 849 502 xvn.
873 469 909 501 in
932 467 1010 507 fine,
1035 472 1069 501 et
1092 467 1181 501 hanc
1204 469 1412 512 legationem
1435 468 1473 500 in
1495 467 1614 501 biblio-

256 527 355 560 theca
380 537 444 559 sua
469 526 612 560 Senensi
636 526 672 558 in
695 525 772 568 ipsa
794 524 1060 567 metropolitana
1080 524 1163 556 aede
1186 524 1328 569 depingi
1352 524 1474 563 voluit,
1501 525 1614 557 locum

255 582 348 615 hunc
365 582 403 615 in
420 582 680 615 nomenclatura
698 580 911 614 Scoticorum
928 580 1138 623 scriptorum
1155 579 1306 613 habebit.
1358 579 1449 624 Ejus
1463 584 1556 618 sunt,
1574 584 1614 612 ut

255 648 353 671 sacra
378 649 448 671 non
473 638 656 682 attingam,
684 647 811 682 magna
835 641 934 680 parte
958 636 996 669 in
1021 635 1137 669 Scotia
1163 640 1283 669 nostra
1308 636 1460 679 scripta:
1490 636 1613 668 saltem

256 694 374 726 omnia
391 698 491 726 erant
508 693 591 726 haec
609 693 645 726 in
670 692 878 726 bibliotheca
900 692 1033 725 insulae
1057 691 1183 731 Maiae,
1208 695 1248 724 ut
1271 703 1314 725 ex
1337 692 1449 725 indice
1471 696 1616 734 apparet

256 749 350 782 illius
373 750 464 788 loci;
491 754 526 782 et
543 753 644 792 putat
663 748 836 781 Henricus
855 747 1030 781 Sinclarus
1053 748 1090 780 in
1113 747 1262 791 Synopsi
1285 759 1358 787 sua,
1381 748 1508 786 omnia,
1532 748 1614 780 dum

256 806 391 838 sederet
416 804 583 848 pontifex,
610 805 646 837 in
672 804 823 837 Scotiam
848 806 958 838 relata
982 815 1043 847 per
1060 808 1225 843 oratores,
1243 804 1442 847 episcopum
1459 803 1615 837 Dunkel-

256 861 395 894 densem
414 866 448 894 et
466 860 719 894 Archibaldum
738 859 958 893 Grahimum.

306 917 439 950 Mansit
456 917 492 950 in
510 916 626 950 Scotia
644 927 751 950 annos
770 925 812 949 11.
852 915 948 948 Sedit
962 916 999 948 in
1017 915 1113 948 Petri
1132 916 1296 950 cathedra
1313 927 1422 951 annos
1441 924 1493 950 IV.
1518 915 1613 949 Obiit

258 972 433 1006 Anconae.

704 1067 1057 1101 ADENULPHUS.
1109 1070 1167 1101 58.

254 1140 552 1173 ADENULPHUM
586 1140 798 1173 celeberrimi
833 1141 1033 1173 monasterii
1078 1140 1256 1173 Farfensis
1295 1140 1456 1174 abbatem
1498 1149 1615 1175 xmn.

256 1194 397 1228 Scotum
411 1195 528 1233 fuisse,
544 1205 587 1227 ex
600 1195 730 1227 tabulis
744 1195 900 1238 ejusdem
914 1196 979 1228 loci
993 1196 1191 1230 admoneor.
1220 1195 1303 1229 Fuit
1318 1196 1348 1229 is
1360 1196 1403 1229 ab
1415 1196 1617 1230 Innocentio

257 1250 304 1283 ΙΙ.
330 1251 368 1283 in
392 1261 578 1284 numerum
603 1250 831 1283 cardinalium
857 1251 1010 1289 allectus,
1037 1257 1072 1284 et
1093 1253 1269 1296 egregiam
1291 1263 1431 1295 operam
1448 1258 1618 1287 sanctam-

257 1317 324 1350 que
342 1307 500 1340 ecclesiae
517 1305 789 1350 propugnandae
810 1305 992 1348 impendit.
1021 1306 1240 1340 Memoratur
1257 1319 1277 1340 a
1297 1307 1319 1340 J
1322 1309 1426 1342 acobo
1444 1308 1617 1352 Cheyneo,

257 1363 300 1396 ab
318 1362 502 1406 Onuphrio
521 1361 705 1400 Panvinio‚
724 1360 884 1394 Arnoldo
902 1360 1050 1401 Uvione,
1069 1366 1104 1395 et
1121 1363 1208 1396 aliis.
1248 1362 1309 1396 An
1326 1364 1458 1408 aliquid
1475 1365 1619 1408 scripse-

257 1419 315 1457 rit,
333 1419 515 1451 incertum.

306 1473 449 1507 Electus
464 1473 568 1506 abbas
582 1484 672 1506 anno
687 1480 842 1505 MDCXL.
875 1472 1078 1507 Praedictae
1093 1474 1241 1508 tabulae.
1272 1474 1450 1514 Quamdiu
1461 1476 1618 1519 praefue-

258 1530 316 1570 rit,
334 1535 395 1563 aut
412 1530 551 1573 quando
569 1529 703 1567 obierit,
722 1539 792 1561 non
811 1528 1032 1572 deprehendi.

735 1623 806 1656 AN
808 1623 1025 1659 ONYMUS.
1076 1628 1134 1664 59.

256 1697 493 1730 ANONYMUS
515 1697 581 1730 iste
606 1697 800 1730 insularum
827 1696 1040 1731 Scoticarum
1065 1699 1245 1742 episcopus
1272 1699 1337 1732 sub
1356 1699 1452 1744 Rege
1470 1699 1616 1738 Davide,

257 1764 299 1786 ex
317 1753 489 1786 Furnesio
506 1752 703 1797 Anglicano
720 1754 941 1792 monasterio,
959 1754 1015 1786 vir
1032 1759 1168 1788 astutus
1187 1760 1222 1788 et
1239 1755 1347 1794 vafer,
1371 1755 1421 1788 ait
1438 1754 1616 1789 Arnoldus

260 1808 378 1842 Uvion
394 1809 454 1842 lib.
471 1816 513 1841 11.
533 1807 637 1852 Lign.
652 1807 755 1841 Vitae
770 1819 843 1851 cap.
862 1817 947 1842 L111.
963 1821 1040 1843 cum
1055 1810 1261 1844 dexteritate
1280 1811 1433 1844 maxima
1449 1812 1617 1854 populum

259 1875 361 1898 suum
379 1864 599 1909 gubernavit.
652 1864 789 1897 Laudat
813 1869 989 1898 auctorem
1011 1867 1068 1899 ille
1091 1866 1317 1900 Guilielmum
1340 1866 1616 1911 Neubrigensem

259 1920 319 1953 lib.
339 1929 363 1952 1.
384 1920 519 1953 Histor.
538 1920 646 1965 Angl.
672 1932 745 1964 cap.
765 1929 880 1953 XXIV.
931 1921 1038 1954 Liber
1062 1933 1132 1955 non
1159 1928 1210 1955 est
1232 1923 1318 1955 mihi
1341 1923 1384 1955 ad
1405 1933 1558 1961 manum,
1582 1928 1616 1956 et

261 1981 376 2008 tamen
394 1980 553 2018 suspecta
570 1976 751 2010 referentis
770 1977 846 2014 fide,
865 1987 909 2009 an
928 1978 1113 2020 quicquam
1132 1979 1318 2021 scripserit,
1337 1979 1461 2011 nescio.

309 2029 444 2063 Claruit
462 2041 552 2064 anno
572 2040 666 2064 MCL.
685 2038 747 2066 aut
765 2034 910 2071 circiter,
929 2033 1047 2066 eodem
1065 2034 1124 2067 illo
1142 2040 1292 2067 auctore.

485 2141 801 2177 MATTHAEUS
826 2143 1281 2180 AMARBARICENSIS.
1332 2145 1389 2180 60.

262 2254 530 2293 MATTHAEUS,
581 2254 878 2289 Amarbaricensis
929 2258 1130 2298 monachus,
1180 2270 1200 2292 a
1250 2259 1413 2293 coenobio
1458 2260 1495 2292 in
1536 2259 1614 2292 Fri-

262 2311 322 2350 sia,
378 2309 437 2343 ubi
491 2311 698 2345 monachum
753 2311 878 2351 induit,
933 2319 1086 2353 vocatus,
1137 2316 1414 2360 peregrinatione
1464 2314 1612 2348 Romam
