1861 2682
600 257 772 290 GENTIS
796 256 1067 294 SCOTORUM,
1092 257 1179 289 LIB.
1205 257 1230 287 I.
1578 261 1597 287 53

237 352 404 388 cellarius,
423 354 456 384 et
473 350 574 384 Ebbo
592 350 704 394 patria
722 350 927 388 Germanus,
948 349 1160 382 Hincmarus
1177 353 1256 392 post
1272 349 1374 382 hunc.
1426 349 1492 383 Sed
1510 350 1593 383 haec

238 407 351 439 fatalis
374 417 472 440 carae
492 417 587 439 meae
609 406 743 439 Scotiae
766 405 942 438 calamitas
966 409 1029 443 est,
1057 405 1149 438 viros
1175 415 1318 450 magnos
1344 409 1404 438 aut
1430 406 1507 438 aliis
1535 407 1594 438 do-

237 463 323 500 nari,
342 468 402 495 aut
421 463 597 505 vilipendi,
616 462 834 505 minoresque
852 473 934 494 vero
952 461 1082 494 haberi.
1133 461 1169 493 N
1171 472 1207 494 ec
1231 461 1396 505 injuriam
1422 462 1594 494 sanctissi-

237 529 312 551 mae
336 530 431 551 meae
454 519 586 562 patriae
610 518 653 551 ab
678 517 867 551 Hincmaro
891 518 1022 550 illatam
1047 527 1183 559 queror,
1207 517 1266 560 qui
1291 517 1357 559 ipsi
1381 517 1415 549 S.
1436 517 1479 549 R.
1500 516 1543 549 E.
1563 523 1595 550 et

236 575 443 616 apostolicae
473 575 545 607 sedi
574 575 725 619 injurius
754 573 832 607 fuit.
885 573 994 606 Porro
1024 574 1066 606 de
1092 578 1212 606 nostro
1237 573 1417 606 adeundus
1443 573 1595 606 Joamies

237 629 464 668 Tridnemius,
483 630 542 663 lib.
564 639 622 663 ΙΙΙ.
639 631 681 664 de
699 629 774 663 Vir.
793 630 919 663 illustr.
938 629 1024 663 Ord.
1043 629 1078 662 S.
1099 629 1290 668 Benedicti,
1308 640 1381 672 cap.
1401 638 1594 662 ccxcvui.

236 690 270 718 et
287 685 345 717 lib.
368 694 418 717 ιν.
437 697 510 729 cap.
530 695 672 719 CXV111.
722 686 902 719 Recolitur
919 697 1016 720 sacra
1038 687 1113 731 ejus
1137 686 1303 719 memoria
1327 686 1382 718 die
1401 694 1437 718 V.
1456 686 1597 730 Augus-

236 742 274 774 ti.
303 741 495 780 Usuardus,
514 741 721 780 Galesinius,
740 741 918 775 Arnoldus
943 742 1059 775 Uvion
1083 742 1160 775 libr.
1188 751 1246 775 111.
1271 741 1375 786 Lign.
1395 742 1497 775 Vitae
1516 753 1594 786 pag.

236 805 403 829 CCLXHI.
422 797 482 840 qui
500 808 617 830 omnes
636 809 699 841 pro
722 798 892 842 dignitate
916 798 950 831 S.
969 798 1059 832 Abel
1082 802 1203 832 contra
1225 799 1405 836 invidiam,
1431 803 1465 831 et
1490 798 1597 831 Hinc-

236 853 323 884 mari
342 854 568 885 contumelias
587 854 736 886 viriliter
753 858 858 892 stant,
877 858 911 887 et
929 854 1175 897 archiepiscopi
1195 865 1273 887 eum
1293 855 1396 887 titulo
1414 854 1596 892 honorant,

236 919 383 950 quorum
409 909 598 941 auctoritas
621 910 712 952 apud
737 920 801 948 me,
830 913 869 942 ut
895 921 967 942 esse
992 910 1103 948 debet,
1124 910 1205 954 jure
1222 911 1347 942 merito
1364 910 1516 942 maxima
1534 915 1595 942 est.

237 963 318 996 Non
337 965 447 1007 placet
465 969 581 997 tamen
600 964 749 998 Uvionis
767 966 949 1003 sententia,
967 966 1028 1008 qui
1046 966 1083 998 in
1101 965 1291 998 Rhemensi
1315 967 1496 1008 metropoli
1522 967 1596 998 vult

236 1020 413 1052 titularem
443 1020 739 1063 archiepiscopum
771 1021 814 1053 ad
844 1021 1035 1054 infidelium
1066 1022 1326 1054 conversionem
1357 1021 1475 1059 fuisse,
1506 1023 1596 1064 quod

237 1086 415 1118 nunquam
434 1075 579 1109 dixisset
596 1076 625 1108 si
644 1077 699 1108 vel
717 1076 924 1121 Catalogum
943 1078 1088 1110 citatum
1107 1078 1161 1110 vel
1186 1077 1372 1110 Flodoardi
1399 1077 1597 1120 Presbyteri

240 1130 432 1163 Historiam
452 1131 601 1174 legisset.
652 1131 821 1176 Adjungo
845 1132 898 1164 his
923 1134 1170 1165 suecedaneum
1194 1132 1341 1167 Joannis
1366 1133 1497 1166 Molani
1522 1145 1599 1177 gra-

239 1185 419 1217 vissimum
439 1186 476 1217 in
499 1185 685 1219 Natalibus
709 1187 914 1220 Sanctorum
937 1188 1051 1233 Belgii
1076 1189 1325 1228 testimonium,
1349 1190 1409 1233 qui
1434 1189 1599 1231 archiepi-

237 1251 378 1283 scopum
398 1240 629 1273 Rhemensem
647 1242 802 1286 legitime
820 1253 840 1275 a
857 1244 1077 1285 pontificibus
1095 1245 1240 1278 summis
1258 1247 1405 1278 electum
1422 1250 1454 1278 et
1479 1245 1598 1278 confir-

238 1301 368 1329 matum
388 1296 481 1329 facit.
534 1296 626 1330 Aeta
643 1297 718 1341 ejus
737 1298 780 1330 ad
798 1308 852 1330 me
869 1308 939 1331 non
956 1305 1198 1342 pervenerunt.
1248 1302 1393 1344 Scripsit

382 1353 562 1397 Epistolas
580 1354 624 1387 ad
642 1354 847 1387 Zachariam
865 1358 900 1387 et
917 1354 1126 1394 Adrianum,

382 1409 568 1442 Pontifices
587 1410 778 1449 Romanos,
1112 1412 1171 1444 lib.
1192 1421 1215 1444 1.

382 1465 440 1498 Ad
458 1465 689 1499 Rhemensem
709 1466 899 1499 Ecclesiam
1108 1467 1167 1500 lib.
1188 1477 1212 1500 1.

381 1521 441 1554 Ad
460 1521 681 1554 Bonifacium
700 1521 870 1566 Legatum
1112 1524 1171 1557 lib.
1193 1533 1216 1556 Ι.

382 1576 441 1609 Ad
460 1576 647 1609 Lobienses
668 1576 809 1610 Fratres
1111 1580 1171 1613 lib.
1193 1590 1215 1612 1.

382 1633 439 1665 Ad
459 1643 570 1675 nuper
587 1643 770 1666 conversos
1111 1636 1170 1669 lib.
1192 1646 1214 1668 Ι.

384 1689 436 1721 De
455 1688 637 1732 Mysteriis
656 1688 755 1721 Fidei
1112 1692 1170 1725 lib.
1192 1701 1215 1724 Ι.

285 1746 401 1778 scotia
418 1756 496 1777 eum
515 1744 550 1777 S.
570 1744 752 1778 Bonifacio
769 1748 926 1787 excessit,
947 1752 982 1780 et
1000 1747 1203 1791 aliquandiu
1220 1748 1270 1781 illi
1289 1749 1325 1782 in
1348 1751 1601 1793 praedicatione

238 1802 403 1839 adhaesit,
430 1801 488 1834 sed
514 1801 579 1834 sub
604 1811 736 1834 annum
764 1810 944 1836 DCCXLII.
971 1814 1050 1836 cum
1076 1804 1217 1838 obiisset
1242 1805 1358 1838 Sanct.
1379 1806 1599 1851 Rigobertus.

241 1865 432 1889 nccxmx.
460 1868 512 1889 an.
539 1856 573 1889 S.
600 1857 691 1890 Abel
717 1858 747 1890 ei
774 1868 950 1892 successor
974 1860 1089 1899 datus,
1116 1860 1180 1893 sub
1210 1872 1341 1894 annum
1372 1873 1452 1895 vero
1486 1871 1599 1896 Dch.

240 1912 351 1945 factus
382 1918 433 1945 est
464 1912 569 1945 abbas
599 1912 817 1952 Laubiensis,
849 1916 902 1947 vel
938 1915 1132 1956 Lobiensis‚
1170 1928 1260 1950 anno
1295 1926 1487 1951 DCCLVJH.
1523 1921 1601 1952 sede

241 1979 302 2000 sua
321 1969 483 2011 depulsus
502 1973 576 2002 est:
602 1969 750 2012 denique
768 1972 1023 2005 sanctissimam
1040 1978 1187 2006 mortem
1207 1974 1304 2013 obiit,
1328 1975 1487 2019 diemque
1506 1981 1600 2009 nata-

243 2025 308 2055 lem
327 2023 449 2056 habuit
468 2034 558 2058 anno
577 2033 767 2058 DCCLXIV.
786 2026 841 2059 die
860 2035 895 2059 v.
913 2027 1080 2073 Augusti,
1099 2034 1139 2063 ut
1157 2032 1372 2073 praemonui.

772 2139 806 2170 S.
834 2139 992 2173 ADAM.
1044 2145 1077 2174 2.

244 2249 278 2280 S.
306 2248 444 2286 ΑῡΑΜ,
471 2260 491 2281 a
517 2249 695 2291 provincia
723 2261 827 2293 quam
859 2253 1037 2296 episcopus
1068 2255 1160 2288 rexit
1190 2255 1416 2290 Cathenesius
1449 2263 1601 2296 voc-atim,

243 2304 346 2337 abbas
391 2305 637 2343 Mailrosensis,
679 2305 802 2340 deinde
845 2309 1036 2352 episcopus,
1078 2310 1258 2345 Arnoldus
1306 2312 1421 2346 Uvion
1462 2314 1518 2345 lib.
1561 2323 1600 2346 11.
