<?xml version="1.0" encoding="UTF-8"?>
<!DOCTYPE html PUBLIC "-//W3C//DTD XHTML 1.0 Transitional//EN"
    "http://www.w3.org/TR/xhtml1/DTD/xhtml1-transitional.dtd">
<html xmlns="http://www.w3.org/1999/xhtml" xml:lang="en" lang="en">
 <head>
  <title>
</title>
<meta http-equiv="Content-Type" content="text/html;charset=utf-8" />
  <meta name='ocr-system' content='tesseract 3.04.00' />
  <meta name='ocr-capabilities' content='ocr_page ocr_carea ocr_par ocr_line ocrx_word'/>
</head>
<body>
  <div class='ocr_page' id='page_1' title='image "./thomaedempsterih00bann_0088.png"; bbox 0 0 1861 2682; ppageno 0'>
   <div class='ocr_carea' id='block_1_1' title="bbox 233 250 1212 283">
    <p class='ocr_par' dir='ltr' id='par_1_1' title="bbox 233 250 1212 283">
     <span class='ocr_line' id='line_1_1' title="bbox 233 250 1212 283; baseline 0 -2"><span class='ocrx_word' id='word_1_1' title='bbox 233 253 273 281; x_wconf 79' lang='lat'>18</span> <span class='ocrx_word' id='word_1_2' title='bbox 601 251 826 283; x_wconf 85' lang='lat' dir='ltr'><strong>HISTORIA</strong></span> <span class='ocrx_word' id='word_1_3' title='bbox 850 250 1212 282; x_wconf 81' lang='lat' dir='ltr'>ECCLESIASTICA</span> 
     </span>
    </p>
   </div>
   <div class='ocr_carea' id='block_1_2' title="bbox 237 340 1588 985">
    <p class='ocr_par' dir='ltr' id='par_1_2' title="bbox 237 340 1588 985">
     <span class='ocr_line' id='line_1_2' title="bbox 237 340 1586 386; baseline -0.001 -11"><span class='ocrx_word' id='word_1_4' title='bbox 237 353 291 375; x_wconf 88' lang='lat' dir='ltr'>me</span> <span class='ocrx_word' id='word_1_5' title='bbox 330 342 590 381; x_wconf 86' lang='lat' dir='ltr'>Chronicarum,</span> <span class='ocrx_word' id='word_1_6' title='bbox 625 343 760 386; x_wconf 85' lang='lat' dir='ltr'>epilogo</span> <span class='ocrx_word' id='word_1_7' title='bbox 797 342 1042 379; x_wconf 81' lang='lat' dir='ltr'><strong>decimotertio,</strong></span> <span class='ocrx_word' id='word_1_8' title='bbox 1076 341 1187 383; x_wconf 88' lang='lat' dir='ltr'>capite</span> <span class='ocrx_word' id='word_1_9' title='bbox 1221 340 1352 372; x_wconf 89' lang='lat' dir='ltr'>decimo</span> <span class='ocrx_word' id='word_1_10' title='bbox 1385 344 1515 379; x_wconf 86' lang='lat' dir='ltr'>octavo,</span> <span class='ocrx_word' id='word_1_11' title='bbox 1552 346 1586 373; x_wconf 89' lang='lat' dir='ltr'>et</span> 
     </span>
     <span class='ocr_line' id='line_1_3' title="bbox 239 394 1587 440; baseline -0.001 -11"><span class='ocrx_word' id='word_1_12' title='bbox 239 398 364 440; x_wconf 90' lang='lat' dir='ltr'>repetit</span> <span class='ocrx_word' id='word_1_13' title='bbox 382 397 533 430; x_wconf 88' lang='lat' dir='ltr'>Ghinius</span> <span class='ocrx_word' id='word_1_14' title='bbox 552 399 606 430; x_wconf 87' lang='lat' dir='ltr'>die</span> <span class='ocrx_word' id='word_1_15' title='bbox 624 398 754 430; x_wconf 87' lang='lat' dir='ltr'>incerto</span> <span class='ocrx_word' id='word_1_16' title='bbox 771 397 808 429; x_wconf 90' lang='lat' dir='ltr'>in</span> <span class='ocrx_word' id='word_1_17' title='bbox 826 396 943 429; x_wconf 86' lang='lat' dir='ltr'>Natal.</span> <span class='ocrx_word' id='word_1_18' title='bbox 962 395 1022 428; x_wconf 86' lang='lat' dir='ltr'>SS.</span> <span class='ocrx_word' id='word_1_19' title='bbox 1042 395 1245 428; x_wconf 90' lang='lat' dir='ltr'>Canonicor.</span> <span class='ocrx_word' id='word_1_20' title='bbox 1264 405 1326 427; x_wconf 89' lang='lat' dir='ltr'>nec</span> <span class='ocrx_word' id='word_1_21' title='bbox 1343 394 1384 427; x_wconf 89' lang='lat' dir='ltr'>de</span> <span class='ocrx_word' id='word_1_22' title='bbox 1401 406 1441 427; x_wconf 90' lang='lat' dir='ltr'>eo</span> <span class='ocrx_word' id='word_1_23' title='bbox 1458 396 1587 428; x_wconf 87' lang='lat' dir='ltr'>mentio</span> 
     </span>
     <span class='ocr_line' id='line_1_4' title="bbox 238 449 1587 497; baseline -0.002 -12"><span class='ocrx_word' id='word_1_24' title='bbox 238 457 298 485; x_wconf 84' lang='lat' dir='ltr'>aut</span> <span class='ocrx_word' id='word_1_25' title='bbox 323 453 359 485; x_wconf 92' lang='lat' dir='ltr'>in</span> <span class='ocrx_word' id='word_1_26' title='bbox 385 452 638 497; x_wconf 87' lang='lat' dir='ltr'>Martyrologio</span> <span class='ocrx_word' id='word_1_27' title='bbox 665 452 833 490; x_wconf 84' lang='lat' dir='ltr'>Romano,</span> <span class='ocrx_word' id='word_1_28' title='bbox 859 451 973 494; x_wconf 92' lang='lat' dir='ltr'>Lydio</span> <span class='ocrx_word' id='word_1_29' title='bbox 999 450 1128 483; x_wconf 90' lang='lat' dir='ltr'>scilicet</span> <span class='ocrx_word' id='word_1_30' title='bbox 1145 450 1302 482; x_wconf 89' lang='lat' dir='ltr'>omnium</span> <span class='ocrx_word' id='word_1_31' title='bbox 1325 449 1587 494; x_wconf 89' lang='lat' dir='ltr'>hagiologorum</span> 
     </span>
     <span class='ocr_line' id='line_1_5' title="bbox 239 504 1586 551; baseline -0.002 -10"><span class='ocrx_word' id='word_1_32' title='bbox 239 509 361 551; x_wconf 85' lang='lat' dir='ltr'>lapide,</span> <span class='ocrx_word' id='word_1_33' title='bbox 389 512 449 540; x_wconf 87' lang='lat' dir='ltr'>aut</span> <span class='ocrx_word' id='word_1_34' title='bbox 474 507 646 546; x_wconf 84' lang='lat' dir='ltr'>Usuardo,</span> <span class='ocrx_word' id='word_1_35' title='bbox 673 508 825 545; x_wconf 87' lang='lat' dir='ltr'>Molano,</span> <span class='ocrx_word' id='word_1_36' title='bbox 852 506 1037 544; x_wconf 87' lang='lat' dir='ltr'>Galesinio,</span> <span class='ocrx_word' id='word_1_37' title='bbox 1061 505 1209 542; x_wconf 87' lang='lat' dir='ltr'>Uvione,</span> <span class='ocrx_word' id='word_1_38' title='bbox 1228 504 1343 543; x_wconf 88' lang='lat' dir='ltr'>Petro,</span> <span class='ocrx_word' id='word_1_39' title='bbox 1362 504 1586 548; x_wconf 86' lang='lat' dir='ltr'>Maurolyco;</span> 
     </span>
     <span class='ocr_line' id='line_1_6' title="bbox 239 559 1587 602; baseline -0.003 -6"><span class='ocrx_word' id='word_1_40' title='bbox 239 569 273 596; x_wconf 92' lang='lat' dir='ltr'>et</span> <span class='ocrx_word' id='word_1_41' title='bbox 289 563 369 596; x_wconf 90' lang='lat' dir='ltr'>Ado</span> <span class='ocrx_word' id='word_1_42' title='bbox 387 574 464 595; x_wconf 90' lang='lat' dir='ltr'>cum</span> <span class='ocrx_word' id='word_1_43' title='bbox 482 563 578 596; x_wconf 86' lang='lat' dir='ltr'>Beda</span> <span class='ocrx_word' id='word_1_44' title='bbox 595 574 664 596; x_wconf 90' lang='lat' dir='ltr'>non</span> <span class='ocrx_word' id='word_1_45' title='bbox 686 567 738 595; x_wconf 90' lang='lat' dir='ltr'>est</span> <span class='ocrx_word' id='word_1_46' title='bbox 760 563 802 595; x_wconf 86' lang='lat' dir='ltr'>ad</span> <span class='ocrx_word' id='word_1_47' title='bbox 823 572 975 594; x_wconf 88' lang='lat' dir='ltr'>manum.</span> <span class='ocrx_word' id='word_1_48' title='bbox 1027 560 1111 593; x_wconf 84' lang='lat' dir='ltr'>Fuit</span> <span class='ocrx_word' id='word_1_49' title='bbox 1128 570 1233 602; x_wconf 88' lang='lat' dir='ltr'>nepos</span> <span class='ocrx_word' id='word_1_50' title='bbox 1251 559 1286 592; x_wconf 88' lang='lat' dir='ltr'>S.</span> <span class='ocrx_word' id='word_1_51' title='bbox 1305 559 1486 599; x_wconf 87' lang='lat' dir='ltr'>Bonifacii,</span> <span class='ocrx_word' id='word_1_52' title='bbox 1504 560 1587 593; x_wconf 90' lang='lat' dir='ltr'>Ger-</span> 
     </span>
     <span class='ocr_line' id='line_1_7' title="bbox 239 615 1588 661; baseline -0.004 -10"><span class='ocrx_word' id='word_1_53' title='bbox 239 618 433 651; x_wconf 80' lang='lat' dir='ltr'>maniarum</span> <span class='ocrx_word' id='word_1_54' title='bbox 459 619 616 661; x_wconf 86' lang='lat' dir='ltr'>apostoli,</span> <span class='ocrx_word' id='word_1_55' title='bbox 643 618 725 661; x_wconf 85' lang='lat' dir='ltr'>quia</span> <span class='ocrx_word' id='word_1_56' title='bbox 749 617 855 650; x_wconf 85' lang='lat' dir='ltr'>frater</span> <span class='ocrx_word' id='word_1_57' title='bbox 879 616 1046 659; x_wconf 85' lang='lat' dir='ltr'>praesulis</span> <span class='ocrx_word' id='word_1_58' title='bbox 1068 619 1103 648; x_wconf 83' lang='lat' dir='ltr'>et</span> <span class='ocrx_word' id='word_1_59' title='bbox 1126 615 1291 658; x_wconf 86' lang='lat' dir='ltr'>martyris</span> <span class='ocrx_word' id='word_1_60' title='bbox 1313 615 1529 653; x_wconf 86' lang='lat' dir='ltr'>sanctissimi,</span> <span class='ocrx_word' id='word_1_61' title='bbox 1547 620 1588 647; x_wconf 90' lang='lat' dir='ltr'>ut</span> 
     </span>
     <span class='ocr_line' id='line_1_8' title="bbox 239 670 1586 716; baseline -0.003 -10"><span class='ocrx_word' id='word_1_62' title='bbox 239 673 342 706; x_wconf 88' lang='lat' dir='ltr'>habet</span> <span class='ocrx_word' id='word_1_63' title='bbox 368 683 560 716; x_wconf 87' lang='lat' dir='ltr'>anonymus</span> <span class='ocrx_word' id='word_1_64' title='bbox 585 673 622 705; x_wconf 90' lang='lat' dir='ltr'>in</span> <span class='ocrx_word' id='word_1_65' title='bbox 649 674 721 705; x_wconf 86' lang='lat' dir='ltr'>vita</span> <span class='ocrx_word' id='word_1_66' title='bbox 745 672 820 715; x_wconf 88' lang='lat' dir='ltr'>ejus</span> <span class='ocrx_word' id='word_1_67' title='bbox 849 671 940 713; x_wconf 90' lang='lat' dir='ltr'>apud</span> <span class='ocrx_word' id='word_1_68' title='bbox 969 670 1111 703; x_wconf 89' lang='lat' dir='ltr'>Surium</span> <span class='ocrx_word' id='word_1_69' title='bbox 1143 673 1226 702; x_wconf 86' lang='lat' dir='ltr'>tom.</span> <span class='ocrx_word' id='word_1_70' title='bbox 1255 678 1308 703; x_wconf 87' lang='lat' dir='ltr'>lv.</span> <span class='ocrx_word' id='word_1_71' title='bbox 1340 681 1419 714; x_wconf 86' lang='lat' dir='ltr'><strong>pag.</strong></span> <span class='ocrx_word' id='word_1_72' title='bbox 1446 678 1586 702; x_wconf 80' lang='lat' dir='ltr'>Lxxvl.</span> 
     </span>
     <span class='ocr_line' id='line_1_9' title="bbox 239 725 1587 771; baseline -0.003 -10"><span class='ocrx_word' id='word_1_73' title='bbox 239 729 339 766; x_wconf 85' lang='lat' dir='ltr'>Quod</span> <span class='ocrx_word' id='word_1_74' title='bbox 357 728 385 761; x_wconf 92' lang='lat' dir='ltr'>si</span> <span class='ocrx_word' id='word_1_75' title='bbox 404 728 619 771; x_wconf 88' lang='lat' dir='ltr'>conjecturae</span> <span class='ocrx_word' id='word_1_76' title='bbox 637 729 729 760; x_wconf 90' lang='lat' dir='ltr'>locus</span> <span class='ocrx_word' id='word_1_77' title='bbox 747 726 965 769; x_wconf 83' lang='lat' dir='ltr'>relinquitur,</span> <span class='ocrx_word' id='word_1_78' title='bbox 979 726 1140 758; x_wconf 80' lang='lat' dir='ltr'>existimo</span> <span class='ocrx_word' id='word_1_79' title='bbox 1158 726 1256 757; x_wconf 91' lang='lat' dir='ltr'>illum</span> <span class='ocrx_word' id='word_1_80' title='bbox 1271 736 1380 758; x_wconf 89' lang='lat' dir='ltr'>unum</span> <span class='ocrx_word' id='word_1_81' title='bbox 1398 736 1440 758; x_wconf 83' lang='lat' dir='ltr'>ex</span> <span class='ocrx_word' id='word_1_82' title='bbox 1457 725 1498 757; x_wconf 91' lang='lat' dir='ltr'>iis</span> <span class='ocrx_word' id='word_1_83' title='bbox 1518 734 1587 757; x_wconf 84' lang='lat' dir='ltr'>L11.</span> 
     </span>
     <span class='ocr_line' id='line_1_10' title="bbox 238 780 1588 826; baseline -0.003 -10"><span class='ocrx_word' id='word_1_84' title='bbox 238 784 298 826; x_wconf 90' lang='lat' dir='ltr'>qui</span> <span class='ocrx_word' id='word_1_85' title='bbox 316 794 394 816; x_wconf 89' lang='lat' dir='ltr'>cum</span> <span class='ocrx_word' id='word_1_86' title='bbox 411 783 470 815; x_wconf 90' lang='lat' dir='ltr'>illo</span> <span class='ocrx_word' id='word_1_87' title='bbox 488 783 703 815; x_wconf 86' lang='lat' dir='ltr'>sanctissimo</span> <span class='ocrx_word' id='word_1_88' title='bbox 720 783 874 825; x_wconf 86' lang='lat' dir='ltr'>apostolo</span> <span class='ocrx_word' id='word_1_89' title='bbox 892 781 1158 814; x_wconf 88' lang='lat' dir='ltr'>Germaniarum</span> <span class='ocrx_word' id='word_1_90' title='bbox 1184 780 1222 813; x_wconf 90' lang='lat' dir='ltr'>in</span> <span class='ocrx_word' id='word_1_91' title='bbox 1244 780 1359 813; x_wconf 88' lang='lat' dir='ltr'>Frisia</span> <span class='ocrx_word' id='word_1_92' title='bbox 1380 781 1588 823; x_wconf 88' lang='lat' dir='ltr'>martyrium</span> 
     </span>
     <span class='ocr_line' id='line_1_11' title="bbox 239 836 1586 881; baseline -0.002 -10"><span class='ocrx_word' id='word_1_93' title='bbox 239 839 400 881; x_wconf 83' lang='lat' dir='ltr'>perpessi,</span> <span class='ocrx_word' id='word_1_94' title='bbox 426 838 624 870; x_wconf 90' lang='lat' dir='ltr'>nominibus</span> <span class='ocrx_word' id='word_1_95' title='bbox 649 849 756 880; x_wconf 88' lang='lat' dir='ltr'>paene</span> <span class='ocrx_word' id='word_1_96' title='bbox 781 837 946 869; x_wconf 88' lang='lat' dir='ltr'>hactenus</span> <span class='ocrx_word' id='word_1_97' title='bbox 972 840 1168 874; x_wconf 89' lang='lat' dir='ltr'>caruerunt,</span> <span class='ocrx_word' id='word_1_98' title='bbox 1195 841 1229 869; x_wconf 93' lang='lat' dir='ltr'>et</span> <span class='ocrx_word' id='word_1_99' title='bbox 1246 837 1442 879; x_wconf 90' lang='lat' dir='ltr'>episcopum</span> <span class='ocrx_word' id='word_1_100' title='bbox 1460 836 1586 875; x_wconf 88' lang='lat' dir='ltr'>vocari,</span> 
     </span>
     <span class='ocr_line' id='line_1_12' title="bbox 238 892 1588 937; baseline -0.002 -11"><span class='ocrx_word' id='word_1_101' title='bbox 238 905 308 926; x_wconf 91' lang='lat' dir='ltr'>non</span> <span class='ocrx_word' id='word_1_102' title='bbox 325 894 416 936; x_wconf 88' lang='lat' dir='ltr'>quod</span> <span class='ocrx_word' id='word_1_103' title='bbox 434 893 535 925; x_wconf 89' lang='lat' dir='ltr'>alicui</span> <span class='ocrx_word' id='word_1_104' title='bbox 553 893 624 925; x_wconf 91' lang='lat' dir='ltr'>sedi</span> <span class='ocrx_word' id='word_1_105' title='bbox 642 893 806 937; x_wconf 88' lang='lat' dir='ltr'>illigatus,</span> <span class='ocrx_word' id='word_1_106' title='bbox 831 892 889 924; x_wconf 90' lang='lat' dir='ltr'>sed</span> <span class='ocrx_word' id='word_1_107' title='bbox 913 903 953 925; x_wconf 91' lang='lat' dir='ltr'>eo</span> <span class='ocrx_word' id='word_1_108' title='bbox 975 896 1112 924; x_wconf 86' lang='lat' dir='ltr'>tantum</span> <span class='ocrx_word' id='word_1_109' title='bbox 1130 892 1174 924; x_wconf 86' lang='lat' dir='ltr'>ad</span> <span class='ocrx_word' id='word_1_110' title='bbox 1197 892 1446 924; x_wconf 84' lang='lat' dir='ltr'>convertendas</span> <span class='ocrx_word' id='word_1_111' title='bbox 1468 896 1588 935; x_wconf 87' lang='lat' dir='ltr'>gentes</span> 
     </span>
     <span class='ocr_line' id='line_1_13' title="bbox 239 946 1587 985; baseline -0.002 -4"><span class='ocrx_word' id='word_1_112' title='bbox 239 950 341 982; x_wconf 86' lang='lat' dir='ltr'>titulo</span> <span class='ocrx_word' id='word_1_113' title='bbox 358 949 505 981; x_wconf 78' lang='lat' dir='ltr'>donatus</span> <span class='ocrx_word' id='word_1_114' title='bbox 523 948 579 985; x_wconf 89' lang='lat' dir='ltr'>sit,</span> <span class='ocrx_word' id='word_1_115' title='bbox 597 953 637 981; x_wconf 93' lang='lat' dir='ltr'>ut</span> <span class='ocrx_word' id='word_1_116' title='bbox 658 948 700 980; x_wconf 92' lang='lat' dir='ltr'>de</span> <span class='ocrx_word' id='word_1_117' title='bbox 721 958 760 980; x_wconf 93' lang='lat' dir='ltr'>eo</span> <span class='ocrx_word' id='word_1_118' title='bbox 782 958 866 980; x_wconf 85' lang='lat' dir='ltr'>aevo</span> <span class='ocrx_word' id='word_1_119' title='bbox 888 948 1048 985; x_wconf 88' lang='lat' dir='ltr'>solenne;</span> <span class='ocrx_word' id='word_1_120' title='bbox 1075 946 1134 979; x_wconf 85' lang='lat' dir='ltr'>sed</span> <span class='ocrx_word' id='word_1_121' title='bbox 1157 946 1326 980; x_wconf 83' lang='lat' dir='ltr'>divinatio</span> <span class='ocrx_word' id='word_1_122' title='bbox 1349 947 1395 979; x_wconf 92' lang='lat' dir='ltr'>sit</span> <span class='ocrx_word' id='word_1_123' title='bbox 1418 946 1493 985; x_wconf 91' lang='lat' dir='ltr'>hoc,</span> <span class='ocrx_word' id='word_1_124' title='bbox 1517 956 1587 978; x_wconf 90' lang='lat' dir='ltr'>non</span> 
     </span>
    </p>
   </div>
   <div class='ocr_carea' id='block_1_3' title="bbox 240 1004 1589 1101">
    <p class='ocr_par' dir='ltr' id='par_1_3' title="bbox 240 1004 1589 1101">
     <span class='ocr_line' id='line_1_14' title="bbox 240 1004 394 1037; baseline -0.006 0"><span class='ocrx_word' id='word_1_125' title='bbox 240 1004 394 1037; x_wconf 87' lang='lat' dir='ltr'>scientia.</span> 
     </span>
     <span class='ocr_line' id='line_1_15' title="bbox 288 1056 1589 1101; baseline -0.003 -9"><span class='ocrx_word' id='word_1_126' title='bbox 288 1059 424 1092; x_wconf 88' lang='lat' dir='ltr'>Floruit</span> <span class='ocrx_word' id='word_1_127' title='bbox 441 1063 475 1091; x_wconf 90' lang='lat' dir='ltr'>et</span> <span class='ocrx_word' id='word_1_128' title='bbox 492 1069 612 1101; x_wconf 84' lang='lat' dir='ltr'>passus</span> <span class='ocrx_word' id='word_1_129' title='bbox 630 1063 682 1090; x_wconf 91' lang='lat' dir='ltr'>est</span> <span class='ocrx_word' id='word_1_130' title='bbox 700 1068 778 1090; x_wconf 91' lang='lat' dir='ltr'>cum</span> <span class='ocrx_word' id='word_1_131' title='bbox 796 1057 830 1089; x_wconf 88' lang='lat' dir='ltr'>S.</span> <span class='ocrx_word' id='word_1_132' title='bbox 850 1056 1030 1089; x_wconf 86' lang='lat' dir='ltr'>Bonifacio</span> <span class='ocrx_word' id='word_1_133' title='bbox 1055 1057 1226 1089; x_wconf 88' lang='lat' dir='ltr'>avunculo</span> <span class='ocrx_word' id='word_1_134' title='bbox 1248 1067 1338 1089; x_wconf 86' lang='lat' dir='ltr'>anno</span> <span class='ocrx_word' id='word_1_135' title='bbox 1361 1063 1504 1088; x_wconf 83' lang='lat' dir='ltr'>DCCLV.</span> <span class='ocrx_word' id='word_1_136' title='bbox 1528 1060 1589 1088; x_wconf 85' lang='lat' dir='ltr'>aut</span> 
     </span>
    </p>
   </div>
   <div class='ocr_carea' id='block_1_4' title="bbox 239 1110 1502 1256">
    <p class='ocr_par' dir='ltr' id='par_1_4' title="bbox 239 1110 1502 1256">
     <span class='ocr_line' id='line_1_16' title="bbox 239 1110 1502 1147; baseline -0.003 0"><span class='ocrx_word' id='word_1_137' title='bbox 239 1125 316 1147; x_wconf 87' lang='lat' dir='ltr'>cum</span> <span class='ocrx_word' id='word_1_138' title='bbox 333 1114 441 1147; x_wconf 86' lang='lat' dir='ltr'>fratre</span> <span class='ocrx_word' id='word_1_139' title='bbox 458 1114 548 1146; x_wconf 83' lang='lat' dir='ltr'>vixit</span> <span class='ocrx_word' id='word_1_140' title='bbox 565 1124 655 1146; x_wconf 86' lang='lat' dir='ltr'>anno</span> <span class='ocrx_word' id='word_1_141' title='bbox 673 1120 953 1145; x_wconf 81' lang='lat' dir='ltr'>nccexxxvm.</span> <span class='ocrx_word' id='word_1_142' title='bbox 1006 1111 1063 1144; x_wconf 90' lang='lat' dir='ltr'>Tu</span> <span class='ocrx_word' id='word_1_143' title='bbox 1081 1111 1160 1144; x_wconf 87' lang='lat' dir='ltr'>vide</span> <span class='ocrx_word' id='word_1_144' title='bbox 1177 1111 1236 1144; x_wconf 93' lang='lat' dir='ltr'>lib.</span> <span class='ocrx_word' id='word_1_145' title='bbox 1254 1119 1308 1144; x_wconf 69' lang='grc' dir='ltr'>Ἦ.</span> <span class='ocrx_word' id='word_1_146' title='bbox 1326 1110 1418 1144; x_wconf 86' lang='lat' dir='ltr'>infra</span> <span class='ocrx_word' id='word_1_147' title='bbox 1434 1111 1502 1144; x_wconf 86' lang='lat' dir='ltr'>hic.</span> 
     </span>
     <span class='ocr_line' id='line_1_17' title="bbox 662 1221 1158 1256; baseline -0.006 0"><span class='ocrx_word' id='word_1_148' title='bbox 662 1223 696 1256; x_wconf 89' lang='lat' dir='ltr'>S.</span> <span class='ocrx_word' id='word_1_149' title='bbox 722 1221 1050 1256; x_wconf 90' lang='lat' dir='ltr'><strong>ADAMNANUS.</strong></span> <span class='ocrx_word' id='word_1_150' title='bbox 1102 1223 1158 1254; x_wconf 89' lang='lat'>15.</span> 
     </span>
    </p>
   </div>
   <div class='ocr_carea' id='block_1_5' title="bbox 236 1332 1587 2317">
    <p class='ocr_par' dir='ltr' id='par_1_5' title="bbox 236 1332 1587 2317">
     <span class='ocr_line' id='line_1_18' title="bbox 239 1332 1586 1376; baseline -0.001 -8"><span class='ocrx_word' id='word_1_151' title='bbox 239 1336 273 1369; x_wconf 88' lang='lat' dir='ltr'>S.</span> <span class='ocrx_word' id='word_1_152' title='bbox 298 1335 572 1371; x_wconf 56' lang='lat' dir='ltr'>ADAMNANU&amp;</span> <span class='ocrx_word' id='word_1_153' title='bbox 603 1335 658 1366; x_wconf 89' lang='lat' dir='ltr'>vir</span> <span class='ocrx_word' id='word_1_154' title='bbox 687 1333 933 1371; x_wconf 88' lang='lat' dir='ltr'>sanctissimus,</span> <span class='ocrx_word' id='word_1_155' title='bbox 959 1332 1185 1376; x_wconf 89' lang='lat' dir='ltr'>Ferquhardo</span> <span class='ocrx_word' id='word_1_156' title='bbox 1215 1332 1266 1365; x_wconf 86' lang='grc' dir='ltr'>ΙΙ.</span> <span class='ocrx_word' id='word_1_157' title='bbox 1291 1333 1364 1376; x_wconf 87' lang='lat' dir='ltr'>regi</span> <span class='ocrx_word' id='word_1_158' title='bbox 1394 1332 1586 1372; x_wconf 85' lang='lat' dir='ltr'>familiaris,</span> 
     </span>
     <span class='ocr_line' id='line_1_19' title="bbox 239 1388 1587 1434; baseline -0.001 -11"><span class='ocrx_word' id='word_1_159' title='bbox 239 1392 297 1434; x_wconf 93' lang='lat' dir='ltr'>qui</span> <span class='ocrx_word' id='word_1_160' title='bbox 323 1392 420 1422; x_wconf 86' lang='lat' dir='ltr'>illum</span> <span class='ocrx_word' id='word_1_161' title='bbox 444 1389 604 1433; x_wconf 82' lang='lat' dir='ltr'>Eugenio</span> <span class='ocrx_word' id='word_1_162' title='bbox 627 1388 690 1421; x_wconf 94' lang='lat' dir='ltr'>VI.</span> <span class='ocrx_word' id='word_1_163' title='bbox 718 1389 791 1433; x_wconf 89' lang='lat' dir='ltr'>regi</span> <span class='ocrx_word' id='word_1_164' title='bbox 817 1388 1035 1431; x_wconf 89' lang='lat' dir='ltr'>postmodum</span> <span class='ocrx_word' id='word_1_165' title='bbox 1059 1388 1130 1421; x_wconf 88' lang='lat' dir='ltr'>filio</span> <span class='ocrx_word' id='word_1_166' title='bbox 1152 1399 1214 1420; x_wconf 89' lang='lat' dir='ltr'>suo</span> <span class='ocrx_word' id='word_1_167' title='bbox 1236 1388 1422 1420; x_wconf 84' lang='lat' dir='ltr'>erudiendo</span> <span class='ocrx_word' id='word_1_168' title='bbox 1447 1399 1587 1431; x_wconf 86' lang='lat' dir='ltr'>praepo-</span> 
     </span>
     <span class='ocr_line' id='line_1_20' title="bbox 239 1442 1585 1488; baseline -0.001 -10"><span class='ocrx_word' id='word_1_169' title='bbox 239 1447 318 1484; x_wconf 85' lang='lat' dir='ltr'>suit,</span> <span class='ocrx_word' id='word_1_170' title='bbox 333 1446 431 1488; x_wconf 85' lang='lat' dir='ltr'>cujus</span> <span class='ocrx_word' id='word_1_171' title='bbox 450 1449 470 1463; x_wconf 90' lang='grc'><strong>“</strong></span> <span class='ocrx_word' id='word_1_172' title='bbox 488 1445 594 1477; x_wconf 86' lang='lat' dir='ltr'>ductu</span> <span class='ocrx_word' id='word_1_173' title='bbox 611 1448 645 1477; x_wconf 87' lang='lat' dir='ltr'>et</span> <span class='ocrx_word' id='word_1_174' title='bbox 664 1443 809 1482; x_wconf 86' lang='lat' dir='ltr'>tutela,&#39;&#39;</span> <span class='ocrx_word' id='word_1_175' title='bbox 828 1444 877 1476; x_wconf 88' lang='lat' dir='ltr'>ait</span> <span class='ocrx_word' id='word_1_176' title='bbox 892 1443 992 1476; x_wconf 90' lang='lat' dir='ltr'>Hect.</span> <span class='ocrx_word' id='word_1_177' title='bbox 1008 1444 1131 1476; x_wconf 85' lang='lat' dir='ltr'>Boeth.</span> <span class='ocrx_word' id='word_1_178' title='bbox 1146 1443 1204 1476; x_wconf 89' lang='lat' dir='ltr'>lib.</span> <span class='ocrx_word' id='word_1_179' title='bbox 1222 1452 1276 1475; x_wconf 83' lang='lat' dir='ltr'>lx.</span> <span class='ocrx_word' id='word_1_180' title='bbox 1293 1443 1386 1475; x_wconf 83' lang='lat' dir='ltr'>Hist.</span> <span class='ocrx_word' id='word_1_181' title='bbox 1402 1442 1492 1476; x_wconf 87' lang='lat' dir='ltr'>Scot.</span> <span class='ocrx_word' id='word_1_182' title='bbox 1506 1455 1585 1488; x_wconf 83' lang='lat' dir='ltr'>pag.</span> 
     </span>
     <span class='ocr_line' id='line_1_21' title="bbox 239 1498 1587 1542; baseline -0.001 -8"><span class='ocrx_word' id='word_1_183' title='bbox 239 1509 406 1534; x_wconf 80' lang='lat' dir='ltr'>CLXXIX.</span> <span class='ocrx_word' id='word_1_184' title='bbox 432 1504 453 1518; x_wconf 88' lang='lat'><strong>“</strong></span> <span class='ocrx_word' id='word_1_185' title='bbox 471 1500 567 1532; x_wconf 88' lang='lat' dir='ltr'>bonis</span> <span class='ocrx_word' id='word_1_186' title='bbox 591 1500 744 1532; x_wconf 86' lang='lat' dir='ltr'>moribus</span> <span class='ocrx_word' id='word_1_187' title='bbox 768 1500 942 1537; x_wconf 82' lang='lat' dir='ltr'>educatus,</span> <span class='ocrx_word' id='word_1_188' title='bbox 965 1500 1007 1532; x_wconf 90' lang='lat' dir='ltr'>ad</span> <span class='ocrx_word' id='word_1_189' title='bbox 1025 1498 1205 1532; x_wconf 84' lang='lat' dir='ltr'>Scotorum</span> <span class='ocrx_word' id='word_1_190' title='bbox 1223 1499 1380 1541; x_wconf 85' lang='lat' dir='ltr'>pervenit</span> <span class='ocrx_word' id='word_1_191' title='bbox 1403 1499 1587 1542; x_wconf 87' lang='lat' dir='ltr'>imperium</span> 
     </span>
     <span class='ocr_line' id='line_1_22' title="bbox 238 1553 1587 1599; baseline 0 -11"><span class='ocrx_word' id='word_1_192' title='bbox 238 1556 384 1588; x_wconf 86' lang='lat' dir='ltr'>eximius</span> <span class='ocrx_word' id='word_1_193' title='bbox 399 1566 498 1587; x_wconf 86' lang='lat' dir='ltr'>verae</span> <span class='ocrx_word' id='word_1_194' title='bbox 516 1555 692 1599; x_wconf 86' lang='lat' dir='ltr'>religionis</span> <span class='ocrx_word' id='word_1_195' title='bbox 711 1555 851 1588; x_wconf 45' lang='lat' dir='ltr'>cultor?</span> <span class='ocrx_word' id='word_1_196' title='bbox 893 1553 1095 1586; x_wconf 84' lang='lat' dir='ltr'>Amicitiam</span> <span class='ocrx_word' id='word_1_197' title='bbox 1110 1554 1214 1586; x_wconf 86' lang='lat' dir='ltr'>etiam</span> <span class='ocrx_word' id='word_1_198' title='bbox 1229 1564 1306 1586; x_wconf 90' lang='lat' dir='ltr'>cum</span> <span class='ocrx_word' id='word_1_199' title='bbox 1321 1553 1460 1587; x_wconf 86' lang='lat' dir='ltr'>Brudeo</span> <span class='ocrx_word' id='word_1_200' title='bbox 1474 1555 1587 1588; x_wconf 86' lang='lat' dir='ltr'>Picto-</span> 
     </span>
     <span class='ocr_line' id='line_1_23' title="bbox 239 1608 1585 1654; baseline 0 -10"><span class='ocrx_word' id='word_1_201' title='bbox 239 1622 315 1644; x_wconf 90' lang='lat' dir='ltr'>rum</span> <span class='ocrx_word' id='word_1_202' title='bbox 334 1622 423 1654; x_wconf 87' lang='lat' dir='ltr'>rege,</span> <span class='ocrx_word' id='word_1_203' title='bbox 438 1615 471 1642; x_wconf 90' lang='lat' dir='ltr'>et</span> <span class='ocrx_word' id='word_1_204' title='bbox 484 1609 519 1642; x_wconf 85' lang='lat' dir='ltr'>S.</span> <span class='ocrx_word' id='word_1_205' title='bbox 535 1610 728 1643; x_wconf 87' lang='lat' dir='ltr'>Cuthberto</span> <span class='ocrx_word' id='word_1_206' title='bbox 743 1610 854 1647; x_wconf 87' lang='lat' dir='ltr'>Scoto,</span> <span class='ocrx_word' id='word_1_207' title='bbox 870 1608 1144 1642; x_wconf 88' lang='lat' dir='ltr'>Lindisfarnensi</span> <span class='ocrx_word' id='word_1_208' title='bbox 1158 1610 1326 1652; x_wconf 85' lang='lat' dir='ltr'>episcopo,</span> <span class='ocrx_word' id='word_1_209' title='bbox 1340 1615 1455 1643; x_wconf 87' lang='lat' dir='ltr'>sancte</span> <span class='ocrx_word' id='word_1_210' title='bbox 1469 1611 1585 1644; x_wconf 84' lang='lat' dir='ltr'>coluit.</span> 
     </span>
     <span class='ocr_line' id='line_1_24' title="bbox 239 1664 1586 1710; baseline 0.001 -12"><span class='ocrx_word' id='word_1_211' title='bbox 239 1666 359 1710; x_wconf 87' lang='lat' dir='ltr'>Pergit</span> <span class='ocrx_word' id='word_1_212' title='bbox 373 1666 461 1697; x_wconf 90' lang='lat' dir='ltr'>idem</span> <span class='ocrx_word' id='word_1_213' title='bbox 476 1665 660 1697; x_wconf 89' lang='lat' dir='ltr'>historicus</span> <span class='ocrx_word' id='word_1_214' title='bbox 676 1676 683 1697; x_wconf 91' lang='lat'>:</span> <span class='ocrx_word' id='word_1_215' title='bbox 705 1669 725 1683; x_wconf 90' lang='lat'><strong>“</strong></span> <span class='ocrx_word' id='word_1_216' title='bbox 739 1664 931 1697; x_wconf 87' lang='lat' dir='ltr'>Cuthberto</span> <span class='ocrx_word' id='word_1_217' title='bbox 949 1665 1075 1697; x_wconf 84' lang='lat' dir='ltr'>etenim</span> <span class='ocrx_word' id='word_1_218' title='bbox 1093 1669 1128 1697; x_wconf 89' lang='lat' dir='ltr'>et</span> <span class='ocrx_word' id='word_1_219' title='bbox 1144 1664 1350 1697; x_wconf 85' lang='lat' dir='ltr'>Adamnano</span> <span class='ocrx_word' id='word_1_220' title='bbox 1363 1666 1586 1699; x_wconf 86' lang='lat' dir='ltr'>suadentibus</span> 
     </span>
     <span class='ocr_line' id='line_1_25' title="bbox 238 1719 1586 1762; baseline 0 -8"><span class='ocrx_word' id='word_1_221' title='bbox 238 1721 357 1754; x_wconf 88' lang='lat' dir='ltr'>foedus</span> <span class='ocrx_word' id='word_1_222' title='bbox 375 1721 434 1753; x_wconf 86' lang='lat' dir='ltr'>icit</span> <span class='ocrx_word' id='word_1_223' title='bbox 452 1731 529 1752; x_wconf 91' lang='lat' dir='ltr'>cum</span> <span class='ocrx_word' id='word_1_224' title='bbox 548 1719 806 1756; x_wconf 86' lang='lat' dir='ltr'>Northumbris,</span> <span class='ocrx_word' id='word_1_225' title='bbox 826 1724 861 1752; x_wconf 84' lang='lat' dir='ltr'>at</span> <span class='ocrx_word' id='word_1_226' title='bbox 878 1721 973 1752; x_wconf 84' lang='lat' dir='ltr'>nulla</span> <span class='ocrx_word' id='word_1_227' title='bbox 989 1721 1122 1752; x_wconf 82' lang='lat' dir='ltr'>ratione</span> <span class='ocrx_word' id='word_1_228' title='bbox 1135 1720 1251 1752; x_wconf 89' lang='lat' dir='ltr'>induci</span> <span class='ocrx_word' id='word_1_229' title='bbox 1264 1723 1400 1762; x_wconf 86' lang='lat' dir='ltr'>poterat</span> <span class='ocrx_word' id='word_1_230' title='bbox 1413 1725 1453 1753; x_wconf 90' lang='lat' dir='ltr'>ut</span> <span class='ocrx_word' id='word_1_231' title='bbox 1466 1720 1586 1754; x_wconf 86' lang='lat' dir='ltr'>foedus</span> 
     </span>
     <span class='ocr_line' id='line_1_26' title="bbox 239 1775 1586 1819; baseline 0 -10"><span class='ocrx_word' id='word_1_232' title='bbox 239 1787 316 1809; x_wconf 89' lang='lat' dir='ltr'>cum</span> <span class='ocrx_word' id='word_1_233' title='bbox 342 1776 449 1808; x_wconf 91' lang='lat' dir='ltr'>Pictis</span> <span class='ocrx_word' id='word_1_234' title='bbox 474 1776 588 1813; x_wconf 89' lang='lat' dir='ltr'>iniret,</span> <span class='ocrx_word' id='word_1_235' title='bbox 614 1775 697 1807; x_wconf 87' lang='lat' dir='ltr'>adeo</span> <span class='ocrx_word' id='word_1_236' title='bbox 722 1775 835 1819; x_wconf 85' lang='lat' dir='ltr'>gentis</span> <span class='ocrx_word' id='word_1_237' title='bbox 862 1786 983 1808; x_wconf 88' lang='lat' dir='ltr'>exosus</span> <span class='ocrx_word' id='word_1_238' title='bbox 1010 1775 1198 1818; x_wconf 88' lang='lat' dir='ltr'>perfidiam,</span> <span class='ocrx_word' id='word_1_239' title='bbox 1223 1778 1258 1807; x_wconf 90' lang='lat' dir='ltr'>et</span> <span class='ocrx_word' id='word_1_240' title='bbox 1282 1776 1374 1818; x_wconf 88' lang='lat' dir='ltr'>quod</span> <span class='ocrx_word' id='word_1_241' title='bbox 1399 1775 1509 1809; x_wconf 88' lang='lat' dir='ltr'>Scotis</span> <span class='ocrx_word' id='word_1_242' title='bbox 1527 1776 1586 1809; x_wconf 93' lang='lat' dir='ltr'>ho-</span> 
     </span>
     <span class='ocr_line' id='line_1_27' title="bbox 239 1830 1586 1873; baseline 0.001 -9"><span class='ocrx_word' id='word_1_243' title='bbox 239 1838 307 1864; x_wconf 88' lang='lat' dir='ltr'>stes</span> <span class='ocrx_word' id='word_1_244' title='bbox 326 1842 361 1863; x_wconf 88' lang='lat' dir='ltr'>se</span> <span class='ocrx_word' id='word_1_245' title='bbox 378 1831 483 1873; x_wconf 87' lang='lat' dir='ltr'>impie</span> <span class='ocrx_word' id='word_1_246' title='bbox 501 1831 740 1868; x_wconf 86' lang='lat' dir='ltr'>ostendissent,</span> <span class='ocrx_word' id='word_1_247' title='bbox 758 1835 792 1863; x_wconf 88' lang='lat' dir='ltr'>et</span> <span class='ocrx_word' id='word_1_248' title='bbox 809 1831 900 1873; x_wconf 91' lang='lat' dir='ltr'>quod</span> <span class='ocrx_word' id='word_1_249' title='bbox 918 1830 1166 1863; x_wconf 88' lang='lat' dir='ltr'>Northumbris</span> <span class='ocrx_word' id='word_1_250' title='bbox 1184 1831 1221 1863; x_wconf 89' lang='lat' dir='ltr'>in</span> <span class='ocrx_word' id='word_1_251' title='bbox 1243 1831 1330 1863; x_wconf 89' lang='lat' dir='ltr'>bello</span> <span class='ocrx_word' id='word_1_252' title='bbox 1354 1831 1484 1864; x_wconf 90' lang='lat' dir='ltr'>dudum</span> <span class='ocrx_word' id='word_1_253' title='bbox 1507 1843 1586 1865; x_wconf 91' lang='lat' dir='ltr'>cum</span> 
     </span>
     <span class='ocr_line' id='line_1_28' title="bbox 238 1886 1585 1930; baseline 0 -11"><span class='ocrx_word' id='word_1_254' title='bbox 238 1887 348 1920; x_wconf 87' lang='lat' dir='ltr'>Scotis</span> <span class='ocrx_word' id='word_1_255' title='bbox 365 1891 463 1930; x_wconf 88' lang='lat' dir='ltr'>gesto</span> <span class='ocrx_word' id='word_1_256' title='bbox 481 1897 603 1929; x_wconf 79' lang='lat' dir='ltr'>parum</span> <span class='ocrx_word' id='word_1_257' title='bbox 627 1891 821 1918; x_wconf 87' lang='lat' dir='ltr'>servassent</span> <span class='ocrx_word' id='word_1_258' title='bbox 842 1886 964 1924; x_wconf 79' lang='lat' dir='ltr'>fidem3</span> <span class='ocrx_word' id='word_1_259' title='bbox 992 1896 1111 1918; x_wconf 87' lang='lat' dir='ltr'>verum</span> <span class='ocrx_word' id='word_1_260' title='bbox 1135 1896 1265 1918; x_wconf 84' lang='lat' dir='ltr'>annuas</span> <span class='ocrx_word' id='word_1_261' title='bbox 1289 1886 1444 1919; x_wconf 86' lang='lat' dir='ltr'>inducias</span> <span class='ocrx_word' id='word_1_262' title='bbox 1467 1887 1585 1920; x_wconf 89' lang='lat' dir='ltr'>eadem</span> 
     </span>
     <span class='ocr_line' id='line_1_29' title="bbox 238 1940 1586 1985; baseline 0 -10"><span class='ocrx_word' id='word_1_263' title='bbox 238 1953 314 1975; x_wconf 81' lang='lat' dir='ltr'>cuin</span> <span class='ocrx_word' id='word_1_264' title='bbox 332 1949 434 1985; x_wconf 87' lang='lat' dir='ltr'>gente</span> <span class='ocrx_word' id='word_1_265' title='bbox 452 1942 604 1985; x_wconf 79' lang='lat' dir='ltr'>pepigit3</span> <span class='ocrx_word' id='word_1_266' title='bbox 632 1941 756 1984; x_wconf 92' lang='lat' dir='ltr'>quibus</span> <span class='ocrx_word' id='word_1_267' title='bbox 774 1941 923 1978; x_wconf 89' lang='lat' dir='ltr'>tandem,</span> <span class='ocrx_word' id='word_1_268' title='bbox 941 1940 1032 1983; x_wconf 89' lang='lat' dir='ltr'>quod</span> <span class='ocrx_word' id='word_1_269' title='bbox 1050 1940 1264 1983; x_wconf 86' lang='lat' dir='ltr'>frequentius</span> <span class='ocrx_word' id='word_1_270' title='bbox 1282 1952 1350 1973; x_wconf 89' lang='lat' dir='ltr'>non</span> <span class='ocrx_word' id='word_1_271' title='bbox 1374 1942 1447 1974; x_wconf 89' lang='lat' dir='ltr'>sine</span> <span class='ocrx_word' id='word_1_272' title='bbox 1470 1942 1586 1976; x_wconf 89' lang='lat' dir='ltr'>Scoto-</span> 
     </span>
     <span class='ocr_line' id='line_1_30' title="bbox 240 1995 1586 2038; baseline 0.001 -9"><span class='ocrx_word' id='word_1_273' title='bbox 240 2008 317 2029; x_wconf 88' lang='lat' dir='ltr'>rum</span> <span class='ocrx_word' id='word_1_274' title='bbox 342 1996 558 2028; x_wconf 87' lang='lat' dir='ltr'>incommodo</span> <span class='ocrx_word' id='word_1_275' title='bbox 582 1997 803 2033; x_wconf 84' lang='lat' dir='ltr'>violarentur,</span> <span class='ocrx_word' id='word_1_276' title='bbox 827 1995 959 2033; x_wconf 85' lang='lat' dir='ltr'>solutis,</span> <span class='ocrx_word' id='word_1_277' title='bbox 983 1995 1109 2028; x_wconf 84' lang='lat' dir='ltr'>bellum</span> <span class='ocrx_word' id='word_1_278' title='bbox 1132 2007 1194 2038; x_wconf 93' lang='lat' dir='ltr'>per</span> <span class='ocrx_word' id='word_1_279' title='bbox 1216 1995 1389 2029; x_wconf 88' lang='lat' dir='ltr'>foecialem</span> <span class='ocrx_word' id='word_1_280' title='bbox 1409 1996 1517 2030; x_wconf 89' lang='lat' dir='ltr'>Pictis</span> <span class='ocrx_word' id='word_1_281' title='bbox 1533 1999 1586 2031; x_wconf 90' lang='lat' dir='ltr'>in-</span> 
     </span>
     <span class='ocr_line' id='line_1_31' title="bbox 238 2049 1586 2096; baseline 0.001 -12"><span class='ocrx_word' id='word_1_282' title='bbox 238 2052 337 2084; x_wconf 80' lang='lat' dir='ltr'>dixit.</span> <span class='ocrx_word' id='word_1_283' title='bbox 363 2050 497 2082; x_wconf 90' lang='lat' dir='ltr'>Annixi</span> <span class='ocrx_word' id='word_1_284' title='bbox 523 2050 734 2083; x_wconf 87' lang='lat' dir='ltr'>Cuthbertus</span> <span class='ocrx_word' id='word_1_285' title='bbox 760 2056 794 2082; x_wconf 85' lang='lat' dir='ltr'>et</span> <span class='ocrx_word' id='word_1_286' title='bbox 818 2049 1045 2082; x_wconf 82' lang='lat' dir='ltr'>Adamnanus</span> <span class='ocrx_word' id='word_1_287' title='bbox 1071 2051 1153 2083; x_wconf 88' lang='lat' dir='ltr'>olim</span> <span class='ocrx_word' id='word_1_288' title='bbox 1176 2052 1473 2095; x_wconf 87' lang='lat' dir='ltr'>conjunctissimas</span> <span class='ocrx_word' id='word_1_289' title='bbox 1502 2064 1586 2096; x_wconf 90' lang='lat' dir='ltr'>gen-</span> 
     </span>
     <span class='ocr_line' id='line_1_32' title="bbox 236 2105 1585 2152; baseline 0.001 -13"><span class='ocrx_word' id='word_1_290' title='bbox 236 2112 287 2140; x_wconf 88' lang='lat' dir='ltr'>tes</span> <span class='ocrx_word' id='word_1_291' title='bbox 317 2107 353 2138; x_wconf 89' lang='lat' dir='ltr'>in</span> <span class='ocrx_word' id='word_1_292' title='bbox 383 2105 597 2138; x_wconf 88' lang='lat' dir='ltr'>concordiam</span> <span class='ocrx_word' id='word_1_293' title='bbox 627 2106 791 2148; x_wconf 88' lang='lat' dir='ltr'>redigere,</span> <span class='ocrx_word' id='word_1_294' title='bbox 820 2106 913 2137; x_wconf 88' lang='lat' dir='ltr'>ultro</span> <span class='ocrx_word' id='word_1_295' title='bbox 942 2105 1095 2147; x_wconf 88' lang='lat' dir='ltr'>citroque</span> <span class='ocrx_word' id='word_1_296' title='bbox 1126 2105 1297 2148; x_wconf 87' lang='lat' dir='ltr'>frequenti</span> <span class='ocrx_word' id='word_1_297' title='bbox 1326 2107 1381 2139; x_wconf 88' lang='lat' dir='ltr'>usi</span> <span class='ocrx_word' id='word_1_298' title='bbox 1415 2108 1585 2152; x_wconf 85' lang='lat' dir='ltr'>legatione</span> 
     </span>
     <span class='ocr_line' id='line_1_33' title="bbox 236 2160 1584 2203; baseline 0.001 -9"><span class='ocrx_word' id='word_1_299' title='bbox 236 2162 365 2194; x_wconf 85' lang='lat' dir='ltr'>frustra</span> <span class='ocrx_word' id='word_1_300' title='bbox 382 2172 417 2193; x_wconf 88' lang='lat' dir='ltr'>se</span> <span class='ocrx_word' id='word_1_301' title='bbox 434 2171 506 2192; x_wconf 87' lang='lat' dir='ltr'>rem</span> <span class='ocrx_word' id='word_1_302' title='bbox 525 2164 673 2193; x_wconf 87' lang='lat' dir='ltr'>tentasse</span> <span class='ocrx_word' id='word_1_303' title='bbox 691 2161 886 2198; x_wconf 85' lang='lat' dir='ltr'>sentientes,</span> <span class='ocrx_word' id='word_1_304' title='bbox 904 2160 947 2192; x_wconf 85' lang='lat' dir='ltr'>ad</span> <span class='ocrx_word' id='word_1_305' title='bbox 971 2160 1125 2192; x_wconf 88' lang='lat' dir='ltr'>divinam</span> <span class='ocrx_word' id='word_1_306' title='bbox 1150 2172 1248 2203; x_wconf 90' lang='lat' dir='ltr'>opem</span> <span class='ocrx_word' id='word_1_307' title='bbox 1271 2172 1455 2201; x_wconf 88' lang='lat' dir='ltr'>recurrere,</span> <span class='ocrx_word' id='word_1_308' title='bbox 1479 2164 1584 2196; x_wconf 86' lang='lat' dir='ltr'>sacris</span> 
     </span>
     <span class='ocr_line' id='line_1_34' title="bbox 237 2215 1585 2259; baseline 0.001 -10"><span class='ocrx_word' id='word_1_309' title='bbox 237 2215 543 2259; x_wconf 79' lang='lat' dir='ltr'>supplicationibus</span> <span class='ocrx_word' id='word_1_310' title='bbox 571 2216 677 2248; x_wconf 85' lang='lat' dir='ltr'>variis</span> <span class='ocrx_word' id='word_1_311' title='bbox 702 2216 738 2247; x_wconf 89' lang='lat' dir='ltr'>in</span> <span class='ocrx_word' id='word_1_312' title='bbox 764 2215 911 2248; x_wconf 91' lang='lat' dir='ltr'>Albione</span> <span class='ocrx_word' id='word_1_313' title='bbox 937 2216 1018 2247; x_wconf 85' lang='lat' dir='ltr'>locis</span> <span class='ocrx_word' id='word_1_314' title='bbox 1044 2216 1169 2258; x_wconf 85' lang='lat' dir='ltr'>quibus</span> <span class='ocrx_word' id='word_1_315' title='bbox 1195 2216 1261 2259; x_wconf 88' lang='lat' dir='ltr'>ipsi</span> <span class='ocrx_word' id='word_1_316' title='bbox 1287 2217 1424 2255; x_wconf 86' lang='lat' dir='ltr'>affuere,</span> <span class='ocrx_word' id='word_1_317' title='bbox 1450 2228 1512 2259; x_wconf 88' lang='lat' dir='ltr'>pro</span> <span class='ocrx_word' id='word_1_318' title='bbox 1533 2229 1585 2251; x_wconf 87' lang='lat' dir='ltr'>re-</span> 
     </span>
     <span class='ocr_line' id='line_1_35' title="bbox 236 2270 1584 2317; baseline 0.001 -12"><span class='ocrx_word' id='word_1_319' title='bbox 236 2283 320 2317; x_wconf 81' lang='lat' dir='ltr'>gum</span> <span class='ocrx_word' id='word_1_320' title='bbox 343 2271 497 2304; x_wconf 86' lang='lat' dir='ltr'>omnium</span> <span class='ocrx_word' id='word_1_321' title='bbox 524 2281 700 2309; x_wconf 86' lang='lat' dir='ltr'>consensu,</span> <span class='ocrx_word' id='word_1_322' title='bbox 726 2270 833 2303; x_wconf 85' lang='lat' dir='ltr'>factis.</span> <span class='ocrx_word' id='word_1_323' title='bbox 884 2270 1017 2304; x_wconf 91' lang='lat' dir='ltr'>Ferunt</span> <span class='ocrx_word' id='word_1_324' title='bbox 1042 2272 1275 2305; x_wconf 83' lang='lat' dir='ltr'>sanctissimos</span> <span class='ocrx_word' id='word_1_325' title='bbox 1298 2272 1474 2315; x_wconf 89' lang='lat' dir='ltr'>pontifices</span> <span class='ocrx_word' id='word_1_326' title='bbox 1497 2273 1584 2306; x_wconf 92' lang='lat' dir='ltr'>obti-</span> 
     </span>
    </p>
   </div>
  </div>
 </body>
</html>
