1861 2682
611 271 782 303 GENTIS
806 269 1076 307 SCOTORUM,
1101 269 1187 300 LIB.
1212 269 1256 300 11.
1557 267 1615 295 105

258 372 314 398 tus
333 375 468 398 summa
486 364 540 398 sui
558 370 592 398 et
609 364 741 408 patriae
759 363 862 401 fama,
880 368 920 396 ut
937 362 1050 400 audio,
1068 362 1206 405 scripsit

403 421 568 455 Poemata
586 421 683 453 varia
1171 417 1228 450 lib.
1251 425 1274 450 1.

401 476 668 522 Epigrammata
686 475 784 509 varia
1171 473 1229 506 lib.
1250 482 1274 505 1.

398 533 666 566 Observationes
684 532 774 564 circa
791 535 923 564 veteres
941 529 1095 562 Medicos
1171 528 1231 561 lib.
1252 536 1275 560 1.

301 589 401 623 Vivit
419 588 531 622 adhuc
548 588 639 631 apud
658 598 748 626 suos,
767 591 800 620 et
820 585 1067 629 Hippocratem
1086 585 1248 618 illustrat.

695 700 730 732 S.
757 696 1039 732 BIGITANUS.
1093 698 1172 733 190.

253 814 287 845 S.
308 813 536 846 BIGITANUS
558 823 598 845 eo
622 810 766 845 florebat
790 812 914 849 seculo,
938 821 1007 853 quo
1030 813 1201 842 nostrates
1227 808 1406 852 Europam
1431 807 1605 840 celeberri-

252 879 308 901 ma
325 879 407 901 suae
424 868 562 911 pietatis
580 867 673 900 fama
694 868 931 910 repleverant:
957 866 1075 909 itaque
1097 870 1181 898 tunc
1204 864 1389 903 Fursaeus,
1416 864 1604 901 Foinanus,

255 924 403 957 Ultauus
429 928 528 957 extra
552 923 714 967 patriam,
740 923 833 956 domi
860 933 942 955 vero
967 932 1037 954 non
1066 921 1182 953 minus
1212 921 1376 965 insignes,
1407 920 1606 957 Connanus,

253 980 477 1018 Chroniacus,
495 978 653 1017 Dimaus,
676 978 881 1016 Damianus‚
905 982 939 1010 et
961 976 1159 1021 Bigitanus,
1183 987 1302 1009 omnes
1325 976 1508 1019 episcopali
1533 976 1607 1019 dig-

255 1037 362 1068 nitate
388 1046 426 1068 ac
451 1036 544 1068 vitae
569 1034 752 1068 sanctitate
776 1033 1000 1076 perillustres.
1053 1031 1100 1064 H.
1119 1031 1289 1065 Boethius
1314 1031 1402 1064 libro
1430 1040 1484 1064 lx.
1511 1030 1604 1063 Hist.

251 1093 342 1123 scot.
357 1102 435 1135 pag.
451 1098 618 1123 CLXXVI.
661 1089 684 1121 J
686 1101 716 1122 0.
732 1089 895 1122 Leslaeus
908 1089 967 1122 lib.
984 1097 1036 1121 IV.
1050 1099 1129 1133 pag.
1146 1096 1254 1121 CLIX.
1294 1087 1364 1121 Ubi
1379 1093 1494 1121 tamen
1509 1086 1605 1131 Bigi-

251 1154 353 1179 tanus
379 1146 584 1189 episcopalia
609 1146 729 1178 munia
753 1146 790 1177 in
815 1143 930 1178 Scotia
954 1144 1156 1183 exercuerit,
1187 1144 1378 1182 incertum3
1410 1148 1495 1187 puto
1524 1144 1606 1186 quia

250 1206 361 1234 aetate
379 1202 438 1234 illa
454 1201 540 1234 nulli
558 1205 671 1234 certae
693 1201 827 1233 civitati
851 1200 1088 1244 episcoporum
1112 1210 1195 1233 cura
1218 1199 1369 1244 alligata.
1422 1198 1606 1243 Scripsisse

248 1257 449 1300 perhibetur

392 1312 445 1345 De
463 1312 656 1357 Religionis
674 1312 766 1356 apud
784 1311 903 1345 Scotos
922 1311 1113 1356 Progressu
1260 1310 1319 1343 lib.
1340 1320 1363 1343 1.

391 1368 569 1412 Epistolas
586 1368 631 1401 ad
648 1368 761 1401 varias
780 1367 952 1400 Ecclesias
1259 1366 1317 1399 lib.
1339 1375 1362 1398 1.

297 1425 433 1458 Floruit
450 1435 540 1458 anno
558 1432 723 1458 DCLXIV.
775 1422 912 1456 Colitur
927 1422 983 1455 die
1002 1430 1067 1455 xv,
1086 1421 1257 1455 Januarii.

608 1535 746 1569 HUGO
774 1544 827 1568 DE
854 1534 1119 1569 BENHYEM.
1173 1537 1252 1572 191.

248 1651 366 1682 HUGO
385 1650 427 1682 de
444 1648 635 1692 Benhyem,
655 1647 874 1681 Aberdoniae
892 1648 1072 1691 episcopus
1092 1657 1146 1681 XI.
1171 1648 1303 1682 Romae
1322 1660 1343 1682 a
1361 1649 1516 1682 Martino
1537 1649 1598 1681 lv.

248 1706 407 1749 pontifice
434 1706 675 1749 inauguratus,
701 1708 779 1746 post
804 1714 934 1737 annum
960 1704 997 1736 in
1022 1703 1172 1737 Scotiam
1198 1705 1309 1738 redux
1338 1715 1480 1750 gravem
1512 1706 1603 1737 inter

246 1763 411 1804 populum
437 1768 471 1794 et
496 1761 625 1793 clerum
651 1760 920 1792 controversiam
946 1760 988 1792 de
1014 1759 1165 1798 decimis,
1191 1766 1370 1803 praesente
1396 1771 1486 1804 rege,
1513 1772 1602 1792 com-

246 1818 371 1859 posuit.
391 1827 428 1849 ac
445 1827 565 1849 causas
583 1815 722 1849 futurae
739 1815 963 1848 dissensionis
981 1815 1119 1858 penitus
1135 1816 1288 1849 sustulit.
1341 1815 1496 1858 Scripsit,
1512 1821 1549 1847 ut
1566 1817 1600 1847 in

248 1873 318 1905 vita
337 1874 411 1916 ejus
428 1872 584 1910 habetur,

391 1928 660 1960 Provincialium
679 1927 897 1961 Statutorum
916 1927 1116 1960 Sanctiones
1260 1928 1318 1960 lib.
1340 1937 1361 1959 Ι.

391 1983 510 2016 Novas
528 1982 781 2026 Episcoporum
801 1982 1065 2028 Praerogativas
1258 1983 1316 2017 lib.
1338 1992 1360 2015 1.

295 2038 464 2071 Catari-ho
489 2037 659 2071 defluente
684 2039 875 2072 exstinctus
900 2043 952 2072 est
978 2050 1068 2072 anno
1095 2047 1213 2072 XXIX.
1240 2039 1431 2073 Alexandri
1460 2038 1525 2071 111.
1554 2051 1602 2071 re-

244 2097 308 2137 gis,
327 2095 498 2127 humanae
515 2094 636 2126 salutis
656 2093 925 2138 [MCCLXX1x.]

629 2189 651 2221 J
654 2188 847 2223 ACOBUS
872 2190 1082 2224 BRUNUS.
1136 2194 1214 2229 199.

244 2262 419 2294 JACOBUS
443 2261 595 2300 Brunus,
621 2261 892 2295 Aberdoniensis
917 2263 1075 2297 ecclesiae
1098 2263 1256 2302 decanus,
1282 2264 1386 2297 sacris
1411 2264 1518 2296 literis
1543 2274 1598 2294 ex-

244 2318 466 2356 cultissimus,
485 2317 621 2360 scripsit

928 2381 947 2404 Ι)
