<?xml version="1.0" encoding="UTF-8"?>
<!DOCTYPE html PUBLIC "-//W3C//DTD XHTML 1.0 Transitional//EN"
    "http://www.w3.org/TR/xhtml1/DTD/xhtml1-transitional.dtd">
<html xmlns="http://www.w3.org/1999/xhtml" xml:lang="en" lang="en">
 <head>
  <title>
</title>
<meta http-equiv="Content-Type" content="text/html;charset=utf-8" />
  <meta name='ocr-system' content='tesseract 3.04.00' />
  <meta name='ocr-capabilities' content='ocr_page ocr_carea ocr_par ocr_line ocrx_word'/>
</head>
<body>
  <div class='ocr_page' id='page_1' title='image "./thomaedempsterih00bann_0098.png"; bbox 0 0 1861 2682; ppageno 0'>
   <div class='ocr_carea' id='block_1_1' title="bbox 232 259 1213 294">
    <p class='ocr_par' dir='ltr' id='par_1_1' title="bbox 232 259 1213 294">
     <span class='ocr_line' id='line_1_1' title="bbox 232 259 1213 294; baseline -0.001 -2"><span class='ocrx_word' id='word_1_1' title='bbox 232 264 273 293; x_wconf 72' lang='lat'>28</span> <span class='ocrx_word' id='word_1_2' title='bbox 605 262 830 294; x_wconf 85' lang='lat' dir='ltr'><strong>HISTORIA</strong></span> <span class='ocrx_word' id='word_1_3' title='bbox 851 259 1213 293; x_wconf 85' lang='lat' dir='ltr'>ECCLESIASTICA</span> 
     </span>
    </p>
   </div>
   <div class='ocr_carea' id='block_1_2' title="bbox 236 348 1590 674">
    <p class='ocr_par' dir='ltr' id='par_1_2' title="bbox 236 348 1590 674">
     <span class='ocr_line' id='line_1_2' title="bbox 238 348 1584 398; baseline -0.003 -11"><span class='ocrx_word' id='word_1_4' title='bbox 238 363 290 387; x_wconf 80' lang='lat' dir='ltr'>lv,</span> <span class='ocrx_word' id='word_1_5' title='bbox 314 353 469 398; x_wconf 79' lang='lat' dir='ltr'>Augusti</span> <span class='ocrx_word' id='word_1_6' title='bbox 491 365 511 387; x_wconf 88' lang='lat' dir='ltr'>a</span> <span class='ocrx_word' id='word_1_7' title='bbox 534 354 737 387; x_wconf 86' lang='lat' dir='ltr'>Florentina</span> <span class='ocrx_word' id='word_1_8' title='bbox 759 357 793 386; x_wconf 85' lang='lat' dir='ltr'>et</span> <span class='ocrx_word' id='word_1_9' title='bbox 816 352 989 386; x_wconf 87' lang='lat' dir='ltr'>Fesulana</span> <span class='ocrx_word' id='word_1_10' title='bbox 1011 351 1170 384; x_wconf 87' lang='lat' dir='ltr'>ecclesiis.</span> <span class='ocrx_word' id='word_1_11' title='bbox 1196 349 1339 383; x_wconf 90' lang='lat' dir='ltr'>Sacrum</span> <span class='ocrx_word' id='word_1_12' title='bbox 1363 348 1437 392; x_wconf 89' lang='lat' dir='ltr'>ejus</span> <span class='ocrx_word' id='word_1_13' title='bbox 1461 359 1584 393; x_wconf 87' lang='lat' dir='ltr'>corpus</span> 
     </span>
     <span class='ocr_line' id='line_1_3' title="bbox 236 404 1588 452; baseline -0.001 -11"><span class='ocrx_word' id='word_1_14' title='bbox 236 408 394 452; x_wconf 88' lang='lat' dir='ltr'>religiose</span> <span class='ocrx_word' id='word_1_15' title='bbox 411 412 609 441; x_wconf 81' lang='lat' dir='ltr'>asservatur</span> <span class='ocrx_word' id='word_1_16' title='bbox 626 408 663 439; x_wconf 88' lang='lat' dir='ltr'>in</span> <span class='ocrx_word' id='word_1_17' title='bbox 680 408 808 450; x_wconf 88' lang='lat' dir='ltr'>templo</span> <span class='ocrx_word' id='word_1_18' title='bbox 824 406 869 439; x_wconf 90' lang='lat' dir='ltr'>D.</span> <span class='ocrx_word' id='word_1_19' title='bbox 889 407 1035 440; x_wconf 89' lang='lat' dir='ltr'>Martini</span> <span class='ocrx_word' id='word_1_20' title='bbox 1055 407 1096 439; x_wconf 91' lang='lat' dir='ltr'>de</span> <span class='ocrx_word' id='word_1_21' title='bbox 1121 405 1282 438; x_wconf 90' lang='lat' dir='ltr'>Mensula</span> <span class='ocrx_word' id='word_1_22' title='bbox 1306 415 1377 437; x_wconf 91' lang='lat' dir='ltr'>non</span> <span class='ocrx_word' id='word_1_23' title='bbox 1399 406 1501 449; x_wconf 87' lang='lat' dir='ltr'>longe</span> <span class='ocrx_word' id='word_1_24' title='bbox 1524 404 1588 439; x_wconf 86' lang='lat' dir='ltr'>Fe-</span> 
     </span>
     <span class='ocr_line' id='line_1_4' title="bbox 237 459 1590 506; baseline -0.002 -9"><span class='ocrx_word' id='word_1_25' title='bbox 237 464 332 497; x_wconf 88' lang='lat' dir='ltr'>sulis.</span> <span class='ocrx_word' id='word_1_26' title='bbox 384 463 579 496; x_wconf 84' lang='lat' dir='ltr'>Historiam</span> <span class='ocrx_word' id='word_1_27' title='bbox 596 474 699 506; x_wconf 88' lang='lat' dir='ltr'>porro</span> <span class='ocrx_word' id='word_1_28' title='bbox 716 473 813 495; x_wconf 87' lang='lat' dir='ltr'>suam</span> <span class='ocrx_word' id='word_1_29' title='bbox 832 462 1014 495; x_wconf 88' lang='lat' dir='ltr'>Cattanius</span> <span class='ocrx_word' id='word_1_30' title='bbox 1032 473 1052 494; x_wconf 88' lang='lat' dir='ltr'>a</span> <span class='ocrx_word' id='word_1_31' title='bbox 1070 461 1234 504; x_wconf 90' lang='lat' dir='ltr'>Philippo</span> <span class='ocrx_word' id='word_1_32' title='bbox 1252 459 1407 493; x_wconf 91' lang='lat' dir='ltr'>Villanio</span> <span class='ocrx_word' id='word_1_33' title='bbox 1426 460 1590 494; x_wconf 88' lang='lat' dir='ltr'>historico</span> 
     </span>
     <span class='ocr_line' id='line_1_5' title="bbox 238 516 1589 556; baseline -0.001 -4"><span class='ocrx_word' id='word_1_34' title='bbox 238 519 440 552; x_wconf 89' lang='lat' dir='ltr'>Florentino</span> <span class='ocrx_word' id='word_1_35' title='bbox 457 519 585 552; x_wconf 90' lang='lat' dir='ltr'>hausit.</span> <span class='ocrx_word' id='word_1_36' title='bbox 635 518 857 551; x_wconf 83' lang='lat' dir='ltr'>Sebastianus</span> <span class='ocrx_word' id='word_1_37' title='bbox 875 518 1039 556; x_wconf 86' lang='lat' dir='ltr'>Medices,</span> <span class='ocrx_word' id='word_1_38' title='bbox 1063 522 1098 550; x_wconf 87' lang='lat' dir='ltr'>et</span> <span class='ocrx_word' id='word_1_39' title='bbox 1121 516 1326 549; x_wconf 85' lang='lat' dir='ltr'>Franciscus</span> <span class='ocrx_word' id='word_1_40' title='bbox 1351 516 1392 548; x_wconf 87' lang='lat' dir='ltr'>de</span> <span class='ocrx_word' id='word_1_41' title='bbox 1410 516 1511 554; x_wconf 87' lang='lat' dir='ltr'>Pisis,</span> <span class='ocrx_word' id='word_1_42' title='bbox 1537 517 1589 550; x_wconf 90' lang='lat' dir='ltr'>in-</span> 
     </span>
     <span class='ocr_line' id='line_1_6' title="bbox 237 570 1590 618; baseline -0.001 -11"><span class='ocrx_word' id='word_1_43' title='bbox 237 575 385 618; x_wconf 88' lang='lat' dir='ltr'>quisitor</span> <span class='ocrx_word' id='word_1_44' title='bbox 402 574 635 613; x_wconf 89' lang='lat' dir='ltr'>Florentinus,</span> <span class='ocrx_word' id='word_1_45' title='bbox 655 578 675 592; x_wconf 94' lang='grc'><strong>“</strong></span> <span class='ocrx_word' id='word_1_46' title='bbox 693 573 881 612; x_wconf 84' lang='lat' dir='ltr'>Donatum,</span> <span class='ocrx_word' id='word_1_47' title='bbox 905 579 939 607; x_wconf 91' lang='lat' dir='ltr'>et</span> <span class='ocrx_word' id='word_1_48' title='bbox 956 573 1135 606; x_wconf 85' lang='lat' dir='ltr'>Andream</span> <span class='ocrx_word' id='word_1_49' title='bbox 1158 572 1200 604; x_wconf 91' lang='lat' dir='ltr'>de</span> <span class='ocrx_word' id='word_1_50' title='bbox 1225 570 1360 605; x_wconf 87' lang='lat' dir='ltr'>Scotia”</span> <span class='ocrx_word' id='word_1_51' title='bbox 1384 577 1531 605; x_wconf 84' lang='lat' dir='ltr'>vocant:</span> <span class='ocrx_word' id='word_1_52' title='bbox 1556 579 1590 606; x_wconf 90' lang='lat' dir='ltr'>et</span> 
     </span>
     <span class='ocr_line' id='line_1_7' title="bbox 238 628 953 674; baseline -0.001 -11"><span class='ocrx_word' id='word_1_53' title='bbox 238 629 366 673; x_wconf 89' lang='lat' dir='ltr'>Philip.</span> <span class='ocrx_word' id='word_1_54' title='bbox 386 630 522 663; x_wconf 87' lang='lat' dir='ltr'>Ferrar.</span> <span class='ocrx_word' id='word_1_55' title='bbox 573 629 709 662; x_wconf 85' lang='lat' dir='ltr'>Colitur</span> <span class='ocrx_word' id='word_1_56' title='bbox 727 637 840 661; x_wconf 81' lang='lat' dir='ltr'>XXVI.</span> <span class='ocrx_word' id='word_1_57' title='bbox 858 628 953 674; x_wconf 86' lang='lat' dir='ltr'>Aug.</span> 
     </span>
    </p>
   </div>
   <div class='ocr_carea' id='block_1_3' title="bbox 531 738 1293 772">
    <p class='ocr_par' dir='ltr' id='par_1_3' title="bbox 531 738 1293 772">
     <span class='ocr_line' id='line_1_8' title="bbox 531 738 1293 772; baseline 0 0"><span class='ocrx_word' id='word_1_58' title='bbox 531 739 757 772; x_wconf 88' lang='lat' dir='ltr'>JOANNES</span> <span class='ocrx_word' id='word_1_59' title='bbox 781 738 1185 772; x_wconf 90' lang='lat' dir='ltr'>ABERCROMBIUS.</span> <span class='ocrx_word' id='word_1_60' title='bbox 1237 742 1293 772; x_wconf 80' lang='lat'>32.</span> 
     </span>
    </p>
   </div>
   <div class='ocr_carea' id='block_1_4' title="bbox 237 849 1590 1160">
    <p class='ocr_par' dir='ltr' id='par_1_4' title="bbox 237 849 1590 1160">
     <span class='ocr_line' id='line_1_9' title="bbox 237 849 1590 894; baseline -0.001 -10"><span class='ocrx_word' id='word_1_61' title='bbox 237 851 259 884; x_wconf 87' lang='lat' dir='ltr'>J</span> <span class='ocrx_word' id='word_1_62' title='bbox 263 859 422 884; x_wconf 78' lang='lat' dir='ltr'>OANNES</span> <span class='ocrx_word' id='word_1_63' title='bbox 439 850 720 888; x_wconf 87' lang='lat' dir='ltr'>Abererombius,</span> <span class='ocrx_word' id='word_1_64' title='bbox 739 849 997 888; x_wconf 85' lang='lat' dir='ltr'>Benedictinus‚</span> <span class='ocrx_word' id='word_1_65' title='bbox 1014 855 1055 883; x_wconf 89' lang='lat' dir='ltr'>ut</span> <span class='ocrx_word' id='word_1_66' title='bbox 1072 854 1167 894; x_wconf 86' lang='lat' dir='ltr'>puto,</span> <span class='ocrx_word' id='word_1_67' title='bbox 1185 850 1318 883; x_wconf 86' lang='lat' dir='ltr'>haeresi</span> <span class='ocrx_word' id='word_1_68' title='bbox 1342 851 1379 883; x_wconf 90' lang='lat' dir='ltr'>in</span> <span class='ocrx_word' id='word_1_69' title='bbox 1400 850 1513 884; x_wconf 86' lang='lat' dir='ltr'>Scotia</span> <span class='ocrx_word' id='word_1_70' title='bbox 1530 862 1590 884; x_wconf 87' lang='lat' dir='ltr'>na-</span> 
     </span>
     <span class='ocr_line' id='line_1_10' title="bbox 237 906 1588 950; baseline 0.001 -11"><span class='ocrx_word' id='word_1_71' title='bbox 237 907 344 940; x_wconf 90' lang='lat' dir='ltr'>scenti</span> <span class='ocrx_word' id='word_1_72' title='bbox 370 907 522 939; x_wconf 85' lang='lat' dir='ltr'>animose</span> <span class='ocrx_word' id='word_1_73' title='bbox 548 906 688 944; x_wconf 86' lang='lat' dir='ltr'>restitit,</span> <span class='ocrx_word' id='word_1_74' title='bbox 714 910 748 938; x_wconf 90' lang='lat' dir='ltr'>et</span> <span class='ocrx_word' id='word_1_75' title='bbox 773 906 937 938; x_wconf 80' lang='lat' dir='ltr'>acerrime</span> <span class='ocrx_word' id='word_1_76' title='bbox 961 906 1138 950; x_wconf 88' lang='lat' dir='ltr'>religionis</span> <span class='ocrx_word' id='word_1_77' title='bbox 1164 907 1351 948; x_wconf 85' lang='lat' dir='ltr'>puritatem</span> <span class='ocrx_word' id='word_1_78' title='bbox 1376 906 1482 940; x_wconf 86' lang='lat' dir='ltr'>verbo</span> <span class='ocrx_word' id='word_1_79' title='bbox 1510 917 1588 950; x_wconf 87' lang='lat' dir='ltr'>pro·</span> 
     </span>
     <span class='ocr_line' id='line_1_11' title="bbox 238 960 1385 1006; baseline 0.001 -12"><span class='ocrx_word' id='word_1_80' title='bbox 238 962 418 1006; x_wconf 88' lang='lat' dir='ltr'>pugnavit,</span> <span class='ocrx_word' id='word_1_81' title='bbox 437 962 539 994; x_wconf 89' lang='lat' dir='ltr'>etiam</span> <span class='ocrx_word' id='word_1_82' title='bbox 559 961 689 994; x_wconf 90' lang='lat' dir='ltr'>Christi</span> <span class='ocrx_word' id='word_1_83' title='bbox 709 971 811 994; x_wconf 89' lang='lat' dir='ltr'>causa</span> <span class='ocrx_word' id='word_1_84' title='bbox 827 965 973 993; x_wconf 87' lang='lat' dir='ltr'>mortem</span> <span class='ocrx_word' id='word_1_85' title='bbox 992 971 1124 1004; x_wconf 90' lang='lat' dir='ltr'>passus.</span> <span class='ocrx_word' id='word_1_86' title='bbox 1175 960 1265 1006; x_wconf 88' lang='lat' dir='ltr'>Ejus</span> <span class='ocrx_word' id='word_1_87' title='bbox 1283 966 1385 995; x_wconf 89' lang='lat' dir='ltr'>sunt:</span> 
     </span>
     <span class='ocr_line' id='line_1_12' title="bbox 380 1016 1208 1050; baseline -0.001 -1"><span class='ocrx_word' id='word_1_88' title='bbox 380 1016 548 1050; x_wconf 85' lang='lat' dir='ltr'>Veritatis</span> <span class='ocrx_word' id='word_1_89' title='bbox 566 1016 729 1049; x_wconf 85' lang='lat' dir='ltr'>Defensio</span> <span class='ocrx_word' id='word_1_90' title='bbox 1102 1016 1163 1048; x_wconf 90' lang='lat' dir='ltr'>lib.</span> <span class='ocrx_word' id='word_1_91' title='bbox 1183 1025 1208 1049; x_wconf 92' lang='lat'>1.</span> 
     </span>
     <span class='ocr_line' id='line_1_13' title="bbox 381 1071 1204 1104; baseline -0.001 0"><span class='ocrx_word' id='word_1_92' title='bbox 381 1071 544 1104; x_wconf 85' lang='lat' dir='ltr'>Haeresis</span> <span class='ocrx_word' id='word_1_93' title='bbox 562 1071 728 1104; x_wconf 85' lang='lat' dir='ltr'>Confusio</span> <span class='ocrx_word' id='word_1_94' title='bbox 1101 1071 1159 1104; x_wconf 89' lang='lat' dir='ltr'>lib.</span> <span class='ocrx_word' id='word_1_95' title='bbox 1180 1080 1204 1103; x_wconf 94' lang='lat'>1.</span> 
     </span>
     <span class='ocr_line' id='line_1_14' title="bbox 286 1127 711 1160; baseline -0.005 0"><span class='ocrx_word' id='word_1_96' title='bbox 286 1127 436 1160; x_wconf 87' lang='lat' dir='ltr'>Vivebat</span> <span class='ocrx_word' id='word_1_97' title='bbox 454 1138 544 1160; x_wconf 89' lang='lat' dir='ltr'>anno</span> <span class='ocrx_word' id='word_1_98' title='bbox 563 1135 711 1159; x_wconf 77' lang='lat' dir='ltr'>MDin.</span> 
     </span>
    </p>
   </div>
   <div class='ocr_carea' id='block_1_5' title="bbox 679 1236 1148 1272">
    <p class='ocr_par' dir='ltr' id='par_1_5' title="bbox 679 1236 1148 1272">
     <span class='ocr_line' id='line_1_15' title="bbox 679 1236 1148 1272; baseline 0.004 -2"><span class='ocrx_word' id='word_1_99' title='bbox 679 1238 712 1270; x_wconf 90' lang='lat' dir='ltr'>S.</span> <span class='ocrx_word' id='word_1_100' title='bbox 740 1236 1039 1271; x_wconf 89' lang='lat' dir='ltr'>ADELARIUS.</span> <span class='ocrx_word' id='word_1_101' title='bbox 1091 1241 1148 1272; x_wconf 81' lang='lat'>33.</span> 
     </span>
    </p>
   </div>
   <div class='ocr_carea' id='block_1_6' title="bbox 235 1348 1590 2268">
    <p class='ocr_par' dir='ltr' id='par_1_6' title="bbox 235 1348 1590 2111">
     <span class='ocr_line' id='line_1_16' title="bbox 239 1348 1590 1394; baseline 0.002 -11"><span class='ocrx_word' id='word_1_102' title='bbox 239 1351 272 1384; x_wconf 92' lang='lat' dir='ltr'>S.</span> <span class='ocrx_word' id='word_1_103' title='bbox 299 1350 539 1384; x_wconf 81' lang='lat' dir='ltr'>ADELARIUS</span> <span class='ocrx_word' id='word_1_104' title='bbox 568 1354 671 1382; x_wconf 88' lang='lat' dir='ltr'>natus</span> <span class='ocrx_word' id='word_1_105' title='bbox 702 1349 738 1381; x_wconf 89' lang='lat' dir='ltr'>in</span> <span class='ocrx_word' id='word_1_106' title='bbox 765 1348 889 1387; x_wconf 86' lang='lat' dir='ltr'>Scotia,</span> <span class='ocrx_word' id='word_1_107' title='bbox 916 1359 993 1381; x_wconf 89' lang='lat' dir='ltr'>cum</span> <span class='ocrx_word' id='word_1_108' title='bbox 1019 1348 1054 1381; x_wconf 89' lang='lat' dir='ltr'>S.</span> <span class='ocrx_word' id='word_1_109' title='bbox 1081 1348 1262 1383; x_wconf 89' lang='lat' dir='ltr'>Bonifacio</span> <span class='ocrx_word' id='word_1_110' title='bbox 1286 1361 1373 1393; x_wconf 89' lang='lat' dir='ltr'>puer</span> <span class='ocrx_word' id='word_1_111' title='bbox 1396 1352 1510 1394; x_wconf 86' lang='lat' dir='ltr'>patria</span> <span class='ocrx_word' id='word_1_112' title='bbox 1534 1363 1590 1386; x_wconf 86' lang='lat' dir='ltr'>ex-</span> 
     </span>
     <span class='ocr_line' id='line_1_17' title="bbox 239 1404 1590 1450; baseline 0.001 -11"><span class='ocrx_word' id='word_1_113' title='bbox 239 1411 408 1450; x_wconf 88' lang='lat' dir='ltr'>portatus,</span> <span class='ocrx_word' id='word_1_114' title='bbox 434 1406 625 1438; x_wconf 85' lang='lat' dir='ltr'>monastico</span> <span class='ocrx_word' id='word_1_115' title='bbox 650 1409 732 1437; x_wconf 90' lang='lat' dir='ltr'>voto</span> <span class='ocrx_word' id='word_1_116' title='bbox 758 1405 794 1436; x_wconf 91' lang='lat' dir='ltr'>in</span> <span class='ocrx_word' id='word_1_117' title='bbox 818 1404 950 1448; x_wconf 85' lang='lat' dir='ltr'>Anglia</span> <span class='ocrx_word' id='word_1_118' title='bbox 978 1404 1174 1443; x_wconf 89' lang='lat' dir='ltr'>obstrictus,</span> <span class='ocrx_word' id='word_1_119' title='bbox 1205 1405 1241 1437; x_wconf 91' lang='lat' dir='ltr'>in</span> <span class='ocrx_word' id='word_1_120' title='bbox 1271 1407 1479 1439; x_wconf 88' lang='lat' dir='ltr'>monasterio</span> <span class='ocrx_word' id='word_1_121' title='bbox 1511 1407 1590 1441; x_wconf 90' lang='lat' dir='ltr'>Mu-</span> 
     </span>
     <span class='ocr_line' id='line_1_18' title="bbox 239 1459 1589 1499; baseline 0.001 -5"><span class='ocrx_word' id='word_1_122' title='bbox 239 1462 384 1495; x_wconf 85' lang='lat' dir='ltr'>schellae</span> <span class='ocrx_word' id='word_1_123' title='bbox 413 1465 625 1493; x_wconf 85' lang='lat' dir='ltr'>memoratur</span> <span class='ocrx_word' id='word_1_124' title='bbox 654 1460 809 1492; x_wconf 85' lang='lat' dir='ltr'>sacerdos</span> <span class='ocrx_word' id='word_1_125' title='bbox 839 1459 974 1492; x_wconf 88' lang='lat' dir='ltr'>factus:</span> <span class='ocrx_word' id='word_1_126' title='bbox 1005 1460 1151 1491; x_wconf 87' lang='lat' dir='ltr'>eundem</span> <span class='ocrx_word' id='word_1_127' title='bbox 1181 1459 1413 1499; x_wconf 78' lang='lat' dir='ltr'>BonifaciUm,</span> <span class='ocrx_word' id='word_1_128' title='bbox 1443 1462 1487 1494; x_wconf 85' lang='lat' dir='ltr'>ad</span> <span class='ocrx_word' id='word_1_129' title='bbox 1512 1473 1589 1495; x_wconf 90' lang='lat' dir='ltr'>con·</span> 
     </span>
     <span class='ocr_line' id='line_1_19' title="bbox 239 1514 1587 1559; baseline 0.001 -10"><span class='ocrx_word' id='word_1_130' title='bbox 239 1517 431 1550; x_wconf 87' lang='lat' dir='ltr'>versionem</span> <span class='ocrx_word' id='word_1_131' title='bbox 460 1515 660 1553; x_wconf 86' lang='lat' dir='ltr'>infidelium,</span> <span class='ocrx_word' id='word_1_132' title='bbox 691 1520 838 1553; x_wconf 90' lang='lat' dir='ltr'>secutus,</span> <span class='ocrx_word' id='word_1_133' title='bbox 868 1516 1001 1557; x_wconf 88' lang='lat' dir='ltr'>primus</span> <span class='ocrx_word' id='word_1_134' title='bbox 1028 1514 1253 1548; x_wconf 83' lang='lat' dir='ltr'>Herefordiae</span> <span class='ocrx_word' id='word_1_135' title='bbox 1279 1517 1458 1559; x_wconf 90' lang='lat' dir='ltr'>episcopus</span> <span class='ocrx_word' id='word_1_136' title='bbox 1488 1518 1587 1551; x_wconf 79' lang='lat' dir='ltr'>inau-</span> 
     </span>
     <span class='ocr_line' id='line_1_20' title="bbox 239 1569 1588 1617; baseline 0.001 -13"><span class='ocrx_word' id='word_1_137' title='bbox 239 1577 396 1617; x_wconf 84' lang='lat' dir='ltr'>guratus,</span> <span class='ocrx_word' id='word_1_138' title='bbox 415 1581 550 1603; x_wconf 91' lang='lat' dir='ltr'>summa</span> <span class='ocrx_word' id='word_1_139' title='bbox 567 1571 749 1603; x_wconf 88' lang='lat' dir='ltr'>sanctitate</span> <span class='ocrx_word' id='word_1_140' title='bbox 767 1571 866 1609; x_wconf 84' lang='lat' dir='ltr'>vixit,</span> <span class='ocrx_word' id='word_1_141' title='bbox 885 1570 1014 1613; x_wconf 87' lang='lat' dir='ltr'>majore</span> <span class='ocrx_word' id='word_1_142' title='bbox 1029 1581 1048 1602; x_wconf 93' lang='lat' dir='ltr'>a</span> <span class='ocrx_word' id='word_1_143' title='bbox 1062 1569 1185 1602; x_wconf 88' lang='lat' dir='ltr'>Frisiis</span> <span class='ocrx_word' id='word_1_144' title='bbox 1203 1582 1331 1609; x_wconf 87' lang='lat' dir='ltr'>caesus,</span> <span class='ocrx_word' id='word_1_145' title='bbox 1350 1582 1440 1604; x_wconf 91' lang='lat' dir='ltr'>unus</span> <span class='ocrx_word' id='word_1_146' title='bbox 1458 1583 1501 1605; x_wconf 81' lang='lat' dir='ltr'>ex</span> <span class='ocrx_word' id='word_1_147' title='bbox 1519 1582 1588 1606; x_wconf 83' lang='lat' dir='ltr'>Lu.</span> 
     </span>
     <span class='ocr_line' id='line_1_21' title="bbox 238 1625 1588 1670; baseline 0 -9"><span class='ocrx_word' id='word_1_148' title='bbox 238 1627 410 1661; x_wconf 87' lang='lat' dir='ltr'>Bonifacii</span> <span class='ocrx_word' id='word_1_149' title='bbox 436 1627 536 1659; x_wconf 90' lang='lat' dir='ltr'>sociis</span> <span class='ocrx_word' id='word_1_150' title='bbox 560 1626 741 1659; x_wconf 83' lang='lat' dir='ltr'>veritatem</span> <span class='ocrx_word' id='word_1_151' title='bbox 765 1627 931 1670; x_wconf 84' lang='lat' dir='ltr'>sanguine</span> <span class='ocrx_word' id='word_1_152' title='bbox 955 1625 1114 1657; x_wconf 88' lang='lat' dir='ltr'>firmavit.</span> <span class='ocrx_word' id='word_1_153' title='bbox 1165 1625 1261 1659; x_wconf 90' lang='lat' dir='ltr'>Haec</span> <span class='ocrx_word' id='word_1_154' title='bbox 1285 1627 1485 1659; x_wconf 88' lang='lat' dir='ltr'>summatim</span> <span class='ocrx_word' id='word_1_155' title='bbox 1509 1628 1588 1661; x_wconf 86' lang='lat' dir='ltr'>Sco-</span> 
     </span>
     <span class='ocr_line' id='line_1_22' title="bbox 237 1680 1587 1725; baseline 0.001 -10"><span class='ocrx_word' id='word_1_156' title='bbox 237 1683 461 1720; x_wconf 88' lang='lat' dir='ltr'>tichronicon,</span> <span class='ocrx_word' id='word_1_157' title='bbox 486 1682 559 1714; x_wconf 90' lang='lat' dir='ltr'>sive</span> <span class='ocrx_word' id='word_1_158' title='bbox 585 1682 711 1720; x_wconf 89' lang='lat' dir='ltr'>verius,</span> <span class='ocrx_word' id='word_1_159' title='bbox 738 1682 812 1725; x_wconf 88' lang='lat' dir='ltr'>ejus</span> <span class='ocrx_word' id='word_1_160' title='bbox 838 1681 1056 1714; x_wconf 87' lang='lat' dir='ltr'>continuator</span> <span class='ocrx_word' id='word_1_161' title='bbox 1082 1680 1233 1724; x_wconf 90' lang='lat' dir='ltr'>Magnus</span> <span class='ocrx_word' id='word_1_162' title='bbox 1252 1681 1457 1714; x_wconf 83' lang='lat' dir='ltr'>Maculloch.</span> <span class='ocrx_word' id='word_1_163' title='bbox 1508 1682 1587 1716; x_wconf 89' lang='lat' dir='ltr'>Sco-</span> 
     </span>
     <span class='ocr_line' id='line_1_23' title="bbox 235 1736 1588 1780; baseline 0.001 -10"><span class='ocrx_word' id='word_1_164' title='bbox 235 1743 311 1771; x_wconf 86' lang='lat' dir='ltr'>tum</span> <span class='ocrx_word' id='word_1_165' title='bbox 340 1737 488 1780; x_wconf 87' lang='lat' dir='ltr'>probant</span> <span class='ocrx_word' id='word_1_166' title='bbox 512 1737 707 1769; x_wconf 87' lang='lat' dir='ltr'>communio</span> <span class='ocrx_word' id='word_1_167' title='bbox 733 1738 835 1775; x_wconf 87' lang='lat' dir='ltr'>vitae,</span> <span class='ocrx_word' id='word_1_168' title='bbox 865 1736 1032 1773; x_wconf 87' lang='lat' dir='ltr'>laborum,</span> <span class='ocrx_word' id='word_1_169' title='bbox 1063 1737 1290 1779; x_wconf 87' lang='lat' dir='ltr'>martyriique</span> <span class='ocrx_word' id='word_1_170' title='bbox 1316 1747 1393 1769; x_wconf 92' lang='lat' dir='ltr'>cum</span> <span class='ocrx_word' id='word_1_171' title='bbox 1419 1737 1454 1769; x_wconf 86' lang='lat' dir='ltr'>S.</span> <span class='ocrx_word' id='word_1_172' title='bbox 1481 1737 1588 1771; x_wconf 91' lang='lat' dir='ltr'>Boni-</span> 
     </span>
     <span class='ocr_line' id='line_1_24' title="bbox 236 1792 1588 1835; baseline 0.001 -9"><span class='ocrx_word' id='word_1_173' title='bbox 236 1793 324 1826; x_wconf 88' lang='lat' dir='ltr'>facio</span> <span class='ocrx_word' id='word_1_174' title='bbox 358 1797 443 1831; x_wconf 85' lang='lat' dir='ltr'>acta,</span> <span class='ocrx_word' id='word_1_175' title='bbox 478 1792 664 1825; x_wconf 85' lang='lat' dir='ltr'>auctoritas</span> <span class='ocrx_word' id='word_1_176' title='bbox 699 1792 956 1829; x_wconf 86' lang='lat' dir='ltr'>Scotichronici,</span> <span class='ocrx_word' id='word_1_177' title='bbox 990 1793 1048 1824; x_wconf 90' lang='lat' dir='ltr'>sed</span> <span class='ocrx_word' id='word_1_178' title='bbox 1082 1793 1182 1835; x_wconf 86' lang='lat' dir='ltr'>longe</span> <span class='ocrx_word' id='word_1_179' title='bbox 1217 1793 1388 1825; x_wconf 89' lang='lat' dir='ltr'>valentius</span> <span class='ocrx_word' id='word_1_180' title='bbox 1417 1799 1588 1827; x_wconf 86' lang='lat' dir='ltr'>monaste-</span> 
     </span>
     <span class='ocr_line' id='line_1_25' title="bbox 238 1846 1586 1890; baseline 0 -8"><span class='ocrx_word' id='word_1_181' title='bbox 238 1850 328 1882; x_wconf 90' lang='lat' dir='ltr'>rium</span> <span class='ocrx_word' id='word_1_182' title='bbox 348 1847 584 1886; x_wconf 85' lang='lat' dir='ltr'>Herefordiae,</span> <span class='ocrx_word' id='word_1_183' title='bbox 603 1847 712 1880; x_wconf 87' lang='lat' dir='ltr'>Scotis</span> <span class='ocrx_word' id='word_1_184' title='bbox 726 1848 761 1879; x_wconf 92' lang='lat' dir='ltr'>in</span> <span class='ocrx_word' id='word_1_185' title='bbox 776 1851 980 1890; x_wconf 87' lang='lat' dir='ltr'>perpetuum</span> <span class='ocrx_word' id='word_1_186' title='bbox 999 1851 1162 1884; x_wconf 87' lang='lat' dir='ltr'>erectum,</span> <span class='ocrx_word' id='word_1_187' title='bbox 1181 1846 1316 1879; x_wconf 86' lang='lat' dir='ltr'>Scotiae</span> <span class='ocrx_word' id='word_1_188' title='bbox 1330 1849 1451 1881; x_wconf 90' lang='lat' dir='ltr'>asserit</span> <span class='ocrx_word' id='word_1_189' title='bbox 1465 1849 1586 1882; x_wconf 90' lang='lat' dir='ltr'>civem.</span> 
     </span>
     <span class='ocr_line' id='line_1_26' title="bbox 237 1902 1585 1946; baseline 0.001 -9"><span class='ocrx_word' id='word_1_190' title='bbox 237 1904 372 1938; x_wconf 90' lang='lat' dir='ltr'>Colitur</span> <span class='ocrx_word' id='word_1_191' title='bbox 389 1903 444 1935; x_wconf 87' lang='lat' dir='ltr'>die</span> <span class='ocrx_word' id='word_1_192' title='bbox 462 1912 498 1935; x_wconf 83' lang='lat' dir='ltr'>V.</span> <span class='ocrx_word' id='word_1_193' title='bbox 516 1902 539 1934; x_wconf 89' lang='lat' dir='ltr'>J</span> <span class='ocrx_word' id='word_1_194' title='bbox 542 1903 626 1941; x_wconf 90' lang='lat' dir='ltr'>unii,</span> <span class='ocrx_word' id='word_1_195' title='bbox 644 1914 713 1946; x_wconf 91' lang='lat' dir='ltr'>quo</span> <span class='ocrx_word' id='word_1_196' title='bbox 731 1913 863 1945; x_wconf 85' lang='lat' dir='ltr'>passus,</span> <span class='ocrx_word' id='word_1_197' title='bbox 881 1906 916 1934; x_wconf 85' lang='lat' dir='ltr'>et</span> <span class='ocrx_word' id='word_1_198' title='bbox 933 1902 1114 1934; x_wconf 88' lang='lat' dir='ltr'>translatio</span> <span class='ocrx_word' id='word_1_199' title='bbox 1132 1910 1201 1934; x_wconf 84' lang='lat' dir='ltr'>XX.</span> <span class='ocrx_word' id='word_1_200' title='bbox 1220 1902 1332 1945; x_wconf 91' lang='lat' dir='ltr'>April.</span> <span class='ocrx_word' id='word_1_201' title='bbox 1360 1902 1485 1936; x_wconf 90' lang='lat' dir='ltr'>Petrus</span> <span class='ocrx_word' id='word_1_202' title='bbox 1503 1904 1585 1938; x_wconf 87' lang='lat' dir='ltr'>Cra·</span> 
     </span>
     <span class='ocr_line' id='line_1_27' title="bbox 239 1956 1587 2002; baseline 0.001 -11"><span class='ocrx_word' id='word_1_203' title='bbox 239 1959 396 2002; x_wconf 87' lang='lat' dir='ltr'>tepolius.</span> <span class='ocrx_word' id='word_1_204' title='bbox 418 1958 535 1991; x_wconf 87' lang='lat' dir='ltr'>Uvion</span> <span class='ocrx_word' id='word_1_205' title='bbox 550 1959 608 1991; x_wconf 83' lang='lat' dir='ltr'>lib.</span> <span class='ocrx_word' id='word_1_206' title='bbox 622 1967 662 1991; x_wconf 90' lang='lat'>11.</span> <span class='ocrx_word' id='word_1_207' title='bbox 675 1958 754 2002; x_wconf 87' lang='lat' dir='ltr'>Lig.</span> <span class='ocrx_word' id='word_1_208' title='bbox 766 1957 869 1991; x_wconf 88' lang='lat' dir='ltr'>Vitae</span> <span class='ocrx_word' id='word_1_209' title='bbox 882 1968 954 2000; x_wconf 88' lang='lat' dir='ltr'>cap.</span> <span class='ocrx_word' id='word_1_210' title='bbox 970 1965 1051 1989; x_wconf 83' lang='lat' dir='ltr'>XLI.</span> <span class='ocrx_word' id='word_1_211' title='bbox 1079 1956 1173 1989; x_wconf 87' lang='lat' dir='ltr'>Male</span> <span class='ocrx_word' id='word_1_212' title='bbox 1187 1956 1357 1991; x_wconf 89' lang='lat' dir='ltr'>Trithem.</span> <span class='ocrx_word' id='word_1_213' title='bbox 1372 1958 1430 1991; x_wconf 84' lang='lat' dir='ltr'>lib.</span> <span class='ocrx_word' id='word_1_214' title='bbox 1446 1967 1498 1992; x_wconf 90' lang='lat' dir='ltr'>1v.</span> <span class='ocrx_word' id='word_1_215' title='bbox 1513 1959 1587 1993; x_wconf 87' lang='lat' dir='ltr'>Vir.</span> 
     </span>
     <span class='ocr_line' id='line_1_28' title="bbox 238 2012 1583 2058; baseline 0.001 -11"><span class='ocrx_word' id='word_1_216' title='bbox 238 2015 362 2047; x_wconf 83' lang='lat' dir='ltr'>illustr.</span> <span class='ocrx_word' id='word_1_217' title='bbox 381 2013 464 2046; x_wconf 89' lang='lat' dir='ltr'>Ord.</span> <span class='ocrx_word' id='word_1_218' title='bbox 484 2013 517 2045; x_wconf 91' lang='lat' dir='ltr'>S.</span> <span class='ocrx_word' id='word_1_219' title='bbox 536 2013 666 2046; x_wconf 86' lang='lat' dir='ltr'>Bened.</span> <span class='ocrx_word' id='word_1_220' title='bbox 685 2024 758 2057; x_wconf 86' lang='lat' dir='ltr'>cap.</span> <span class='ocrx_word' id='word_1_221' title='bbox 778 2021 947 2046; x_wconf 80' lang='lat' dir='ltr'>cxxcul.</span> <span class='ocrx_word' id='word_1_222' title='bbox 965 2012 996 2045; x_wconf 87' lang='lat' dir='ltr'>ei</span> <span class='ocrx_word' id='word_1_223' title='bbox 1013 2013 1162 2045; x_wconf 89' lang='lat' dir='ltr'>natalem</span> <span class='ocrx_word' id='word_1_224' title='bbox 1181 2013 1335 2057; x_wconf 86' lang='lat' dir='ltr'>assignat</span> <span class='ocrx_word' id='word_1_225' title='bbox 1353 2022 1421 2047; x_wconf 86' lang='lat' dir='ltr'>xx.</span> <span class='ocrx_word' id='word_1_226' title='bbox 1439 2013 1583 2058; x_wconf 87' lang='lat' dir='ltr'>Aprilis.</span> 
     </span>
     <span class='ocr_line' id='line_1_29' title="bbox 235 2069 380 2111; baseline -0.007 -9"><span class='ocrx_word' id='word_1_227' title='bbox 235 2069 380 2111; x_wconf 88' lang='lat' dir='ltr'>Scripsit</span> 
     </span>
    </p>

    <p class='ocr_par' dir='ltr' id='par_1_7' title="bbox 378 2122 1203 2156">
     <span class='ocr_line' id='line_1_30' title="bbox 378 2122 1203 2156; baseline 0 -1"><span class='ocrx_word' id='word_1_228' title='bbox 378 2123 436 2156; x_wconf 91' lang='lat' dir='ltr'>Ad</span> <span class='ocrx_word' id='word_1_229' title='bbox 454 2122 612 2156; x_wconf 86' lang='lat' dir='ltr'>Infideles</span> <span class='ocrx_word' id='word_1_230' title='bbox 1098 2122 1159 2155; x_wconf 86' lang='lat' dir='ltr'>lib.</span> <span class='ocrx_word' id='word_1_231' title='bbox 1177 2131 1203 2155; x_wconf 91' lang='lat'>1.</span> 
     </span>
    </p>

    <p class='ocr_par' dir='ltr' id='par_1_8' title="bbox 377 2177 1201 2211">
     <span class='ocr_line' id='line_1_31' title="bbox 377 2177 1201 2211; baseline 0 -1"><span class='ocrx_word' id='word_1_232' title='bbox 377 2177 435 2210; x_wconf 90' lang='lat' dir='ltr'>Ad</span> <span class='ocrx_word' id='word_1_233' title='bbox 453 2177 635 2210; x_wconf 81' lang='lat' dir='ltr'>Pontifices</span> <span class='ocrx_word' id='word_1_234' title='bbox 1097 2178 1157 2211; x_wconf 91' lang='lat' dir='ltr'>lib.</span> <span class='ocrx_word' id='word_1_235' title='bbox 1177 2186 1201 2210; x_wconf 92' lang='lat'>1.</span> 
     </span>
    </p>

    <p class='ocr_par' dir='ltr' id='par_1_9' title="bbox 283 2234 763 2268">
     <span class='ocr_line' id='line_1_32' title="bbox 283 2234 763 2268; baseline -0.006 0"><span class='ocrx_word' id='word_1_236' title='bbox 283 2234 410 2268; x_wconf 87' lang='lat' dir='ltr'>Passus</span> <span class='ocrx_word' id='word_1_237' title='bbox 428 2237 479 2266; x_wconf 90' lang='lat' dir='ltr'>est</span> <span class='ocrx_word' id='word_1_238' title='bbox 496 2244 586 2266; x_wconf 90' lang='lat' dir='ltr'>anno</span> <span class='ocrx_word' id='word_1_239' title='bbox 605 2241 763 2265; x_wconf 80' lang='lat' dir='ltr'>DCCLIV.</span> 
     </span>
    </p>
   </div>
  </div>
 </body>
</html>
