1861 2682
240 249 280 277 :30
615 246 840 278 HISTORIA
865 244 1227 277 ECCLESIASTICA

388 339 447 372 Ad
465 337 679 383 Thuringios
1106 336 1165 369 lib.
1186 344 1210 368 1.

292 396 426 429 Claruit
445 405 535 428 anno
554 402 696 427 DCCLV.
711 398 772 427 aut
785 393 930 426 circiter.
979 391 1115 424 Colitur
1130 399 1196 423 xv,
1212 390 1334 423 Martii
1353 396 1387 424 et
1402 399 1514 424 XXVI.
1530 392 1595 424 Oc-

243 452 361 485 tobris.

722 545 757 578 S.
784 542 1006 577 AMANUS.
1057 543 1115 576 37.

243 619 278 651 S·
313 618 490 652 AMANUS
523 628 614 651 unus
648 627 691 649 ex
723 616 766 648 iis
800 615 996 658 apostolicis
1030 614 1115 647 viris
1144 614 1215 657 qui,
1245 614 1323 648 fidei
1354 617 1595 660 propagandae

244 675 401 713 studiosi,
419 673 533 707 Scotia
551 674 587 706 in
605 671 808 705 Germanias
825 671 1046 709 transierant,
1072 674 1113 702 ut
1136 669 1265 704 Lazius
1286 670 1421 704 abunde
1443 672 1480 704 in
1503 671 1595 705 Aus-

242 731 320 769 tria,
346 730 483 773 aliique.
535 728 604 761 Hic
629 738 711 772 ergo
736 738 756 759 a
781 725 816 759 S.
844 725 1024 759 Bonifacio
1050 737 1089 758 eo
1114 726 1318 765 destinatus,
1343 727 1379 759 in
1409 726 1595 760 Bavariam

243 786 449 830 penetravit,
474 788 508 817 et
531 785 623 817 inter
646 783 818 826 apostolos
843 782 957 826 gentis
981 781 1132 820 habitus,
1156 783 1325 825 martyrio
1343 787 1537 820 coronatur,
1556 787 1594 815 ut

241 845 277 875 in
296 842 448 875 Bavaria
464 840 590 873 Sancta
607 839 808 872 Matthaeus
826 838 984 871 Raderus
1003 842 1132 871 auctor.
1177 837 1377 881 supervixit
1395 843 1510 872 autem
1529 838 1596 871 Bo-

241 898 357 931 nifacii
375 897 580 940 apostolatu.
631 895 776 938 Scripsit
794 905 876 927 vero

389 952 559 986 Homilias
578 951 784 984 Sanctorum
1110 950 1167 983 lib.
1188 959 1211 982 1.

386 1008 517 1041 Contra
533 1007 745 1040 Clementem
762 1005 903 1038 Scotum
1110 1006 1168 1039 lib.
1188 1015 1212 1038 1.

291 1065 418 1097 Passus
436 1068 488 1096 est
505 1074 595 1096 anno
614 1070 806 1094 DCCLVHI.
831 1061 886 1093 die
905 1068 986 1092 XVI.
1006 1060 1184 1093 Decembr.
1230 1061 1333 1094 Alius
1351 1060 1508 1094 Amanus
1527 1063 1598 1104 epi·

243 1131 364 1163 scopus
383 1119 503 1152 Gallus
522 1118 613 1161 apud
631 1117 777 1149 Petrum
796 1116 854 1149 lib.
875 1124 912 1148 x.
931 1115 1089 1160 Catalogi
1107 1126 1180 1159 cap.
1201 1125 1312 1149 LXXI.

699 1227 733 1259 S.
760 1226 1031 1259 ANNIANUS.
1084 1229 1140 1260 38.

242 1344 276 1376 S.
304 1342 535 1378 ANNIANUS,
562 1338 822 1372 archidiaconus
853 1336 1063 1376 Laudoniae‚
1096 1348 1156 1370 seu
1183 1337 1412 1376 Maeatarum,
1439 1344 1478 1371 ut
1503 1340 1594 1381 apud

243 1397 477 1443 Reginaldum
495 1394 704 1439 cardinalem
722 1393 758 1425 in
779 1392 939 1425 Historia
956 1392 1100 1432 Scotica,
1125 1403 1202 1425 cum
1227 1394 1270 1425 ad
1293 1394 1366 1426 loca
1383 1399 1502 1426 sancta
1518 1405 1597 1427 con-

243 1452 480 1487 cionabundus
497 1453 709 1494 properaret,
728 1459 789 1492 per
807 1447 962 1481 Bavaros
981 1449 1151 1482 transiens
1175 1449 1218 1482 ab
1235 1448 1429 1481 infidelibus
1447 1459 1599 1492 compre-

242 1510 379 1547 hensus,
405 1508 490 1541 diris
514 1505 721 1540 cruciatibus
745 1504 848 1537 vivus
874 1504 1073 1537 combustus
1099 1509 1248 1542 enectus,
1271 1504 1398 1537 crebris
1421 1504 1596 1537 miraculis

242 1565 415 1598 electionis
433 1575 515 1596 suae
532 1563 634 1595 fidem
650 1561 853 1605 praestruit.
889 1560 1019 1593 Fuerat
1032 1559 1231 1592 Adamanni
1246 1559 1382 1593 Coludii
1396 1561 1595 1603 discipulus.

241 1621 376 1663 Scripta
392 1620 435 1652 ab
453 1630 491 1652 eo
506 1628 513 1651 :

385 1675 564 1718 Epistolae
582 1672 625 1706 ad
644 1672 776 1716 Regem
795 1670 1097 1704 Ambirkelethum
1157 1670 1215 1703 lib.
1237 1679 1260 1703 1.

385 1730 565 1762 Sermones
583 1729 627 1761 ad
644 1727 817 1770 Populum
1154 1726 1212 1759 lib.
1234 1735 1258 1759 1.

290 1787 416 1819 Passus
439 1789 491 1818 est
514 1784 578 1817 sub
598 1783 716 1816 eodem
740 1793 830 1825 rege,
854 1782 1044 1824 imperante
1068 1781 1183 1814 Leone
1208 1780 1255 1814 ΙΙ.
1281 1791 1383 1824 quem
1407 1781 1593 1815 Leontium

243 1846 377 1879 vocant,
396 1851 486 1873 anno
506 1847 703 1873 Dexevur.
722 1837 858 1870 Colitur
872 1837 926 1870 die
940 1845 1022 1869 ΧΠ.
1038 1836 1216 1869 Decembr.
1242 1835 1284 1869 In
1303 1836 1453 1870 Bavaria
1470 1836 1595 1870 Sancta

242 1898 330 1929 idem
351 1896 519 1929 Raderus.

686 2005 720 2037 S.
747 2001 1027 2037 ANTONINA.
1079 2004 1135 2038 39.

245 2118 279 2150 S.
310 2116 547 2154 ANTONINA,
578 2116 677 2159 virgo
707 2113 892 2152 Ursulana‚
922 2113 1022 2146 sociis
1055 2112 1264 2147 Hunnorum
1295 2115 1502 2148 truculentia
1536 2115 1592 2147 ab·

242 2172 389 2216 sumptis
407 2175 591 2214 superstes,
612 2170 693 2203 alibi
711 2175 763 2202 est
779 2179 889 2212 passa.
920 2169 1022 2201 Culta
1041 2177 1125 2201 xlx.
1145 2168 1314 2203 Januarii.
1350 2169 1481 2203 canisii
1498 2169 1592 2203 Mar·

242 2228 454 2272 tyrologium
472 2226 726 2259 Germanicum.

287 2284 411 2317 Annus
431 2283 462 2315 ei
480 2293 558 2315 cum
576 2282 652 2315 aliis
670 2280 860 2314 communis
880 2287 1012 2312 CDLIV.
