1861 2682
599 247 770 279 GENTIS
795 246 1063 282 SCOTORUM,
1089 247 1175 278 LIB.
1199 247 1259 277 111.
1541 249 1597 277 191

253 341 348 378 actis,
375 340 636 384 peregrinando,
663 340 826 378 docendo,
852 339 1031 372 scribendo
1058 338 1229 371 indefesso
1255 338 1370 370 labore
1396 338 1487 370 cives
1515 349 1605 371 suos.

251 396 384 428 haeresi
398 395 565 434 abdicata,
577 395 774 428 Catholicae
789 395 947 428 ecclesiae
961 383 1060 427 unire
1075 394 1218 427 annisus
1232 399 1294 431 est,
1310 394 1365 425 vir
1378 393 1605 436 probissimae

251 452 521 484 conversationis
553 452 655 484 etiam
681 462 700 483 a
724 451 878 484 sectariis
897 450 1086 494 judicatus.
1148 450 1347 494 Majestatis
1373 449 1487 493 regiae
1514 460 1603 481 acer-

250 508 358 540 rimus
385 511 634 551 propugnator,
660 507 789 549 quippe
819 517 897 539 cum
923 505 1063 550 Anglus
1089 506 1230 549 quidam
1260 505 1290 538 ei
1317 505 1504 538 detexisset.
1533 504 1607 537 Eli-

249 562 431 594 zabetham
466 562 616 606 Angliae
650 562 806 605 reginam
844 563 930 594 velle
968 572 1014 599 se,
1053 572 1270 604 quacumque
1305 561 1451 599 ratione,
1486 572 1504 592 e
1538 572 1607 592 me-

249 618 306 649 dio
336 618 465 655 tollere,
496 618 700 656 intercessit,
730 622 764 650 et
786 622 957 660 quantum
980 617 1053 650 fieri
1077 618 1192 660 potuit
1215 618 1258 650 ab
1284 618 1421 659 incepto
1447 618 1604 649 retraxit.

249 673 374 705 Petrus
398 673 599 705 Matthaeus
625 673 682 705 lib.
704 682 755 705 VI.
782 674 876 706 Hist.
902 673 1022 706 Gallic.
1047 678 1177 706 narrat.
1204 682 1245 705 ΙΙ.
1296 672 1419 715 quue
1442 672 1605 705 beneficio

248 730 369 773 regina
398 729 569 768 devincta,
599 740 676 762 cum
708 730 765 762 ille
799 741 841 762 ex
876 730 1001 763 itinere
1031 729 1164 762 Scotico
1195 729 1282 761 mari
1312 729 1534 771 interceptus,
1570 730 1605 760 in

248 784 392 816 Turrim
422 783 678 817 Londinensem
708 786 944 829 conjiceretur,
975 797 992 817 e
1023 786 1172 830 vestigio
1202 785 1349 818 liberum
1379 784 1522 822 dimisit,
1554 786 1606 816 ul-

248 846 303 873 tro
329 840 485 873 confessa
510 851 579 873 non
603 851 701 883 posse
726 841 922 883 improbum
947 852 1030 879 esse,
1055 842 1109 874 cui
1136 852 1237 874 curae
1261 846 1350 873 esset
1374 840 1469 884 regia
1494 840 1605 884 digni-

247 901 310 934 tas,
340 902 373 929 et
399 897 593 928 animarum
620 898 723 929 salus.
775 896 907 929 Sileant
932 908 1015 941 ergo
1042 897 1197 940 perditae
1223 897 1476 929 haereticorum
1503 906 1602 929 voces

247 953 471 984 clamantium
502 964 522 984 a
552 952 714 984 societate
743 952 780 983 in
810 953 981 995 principes
1012 954 1153 986 sicarios
1184 953 1322 991 armari,
1354 963 1431 984 cum
1462 952 1518 984 hic
1548 952 1605 984 Je-

247 1008 350 1046 suita,
371 1007 525 1040 hostium
543 1008 646 1040 etiam
666 1007 888 1046 confessione,
916 1009 1016 1053 longe
1042 1009 1086 1041 ab
1111 1020 1151 1041 eo
1176 1008 1283 1041 fuerit
1309 1008 1462 1041 consilio.
1515 1007 1603 1051 Ejus

246 1069 326 1096 sunt
343 1074 349 1095 :

388 1119 566 1162 Excerpta
584 1131 627 1152 ex
645 1120 704 1152 SS.
725 1120 888 1153 Patribus
1206 1121 1264 1153 lib.
1286 1129 1309 1152 1.

391 1174 432 1207 In
450 1176 599 1217 primam
617 1180 752 1218 partem
770 1175 814 1208 D.
835 1175 990 1209 Thomae
1210 1177 1268 1209 lib.
1290 1186 1313 1209 1.

390 1229 581 1274 Theologia
599 1231 803 1263 scholastica
823 1236 943 1264 contra
961 1232 1131 1266 Sectarios
1210 1233 1268 1266 lib.
1290 1242 1314 1266 Ι.

387 1285 440 1318 De
452 1286 608 1330 legitimo
618 1286 641 1318 J
643 1286 739 1319 acobi
751 1286 813 1319 VI.
827 1286 960 1319 Scotiae
975 1288 1082 1333 Regis
1097 1288 1219 1321 Titulo
1233 1289 1275 1321 ad
1292 1288 1405 1333 Regni
1417 1288 1602 1333 Anglicani

437 1342 693 1375 Successionem
1204 1344 1263 1376 lib.
1284 1354 1308 1377 1.
1336 1344 1414 1382 Quo
1426 1345 1525 1382 libro,
1538 1344 1604 1376 Lo-

440 1398 534 1430 vanii
553 1399 692 1441 scripto,
711 1399 771 1431 vix
788 1399 979 1441 periculum
998 1400 1120 1439 evasit,
1140 1404 1239 1432 extra
1261 1411 1378 1433 omnes
1405 1400 1497 1444 regis
1523 1399 1605 1432 His-

438 1454 561 1497 paniae
574 1455 722 1487 ditiones
736 1456 920 1499 relegatus.
949 1455 1019 1488 Pro
1035 1455 1185 1498 Hispani
1200 1467 1280 1488 vero
1295 1457 1331 1488 in
1345 1457 1435 1489 idem
1455 1467 1601 1499 regnum

431 1511 513 1554 jure
531 1510 669 1553 scripsit
688 1510 830 1543 Robert.
850 1511 1052 1551 Parsonius,
1070 1511 1207 1545 Jesuita
1223 1512 1374 1556 Anglus.

387 1566 498 1599 Casus
516 1565 756 1599 Conscientiae
1208 1568 1266 1601 lib.
1289 1578 1312 1602 1.

293 1623 389 1655 Obiit
408 1622 575 1667 Lugduni
593 1622 784 1656 Galliarum
806 1631 977 1656 MDCXVI.
1003 1624 1128 1657 Multis
1153 1625 1252 1657 annis
1272 1624 1465 1669 Collegium
1490 1625 1600 1658 Lova-

244 1678 293 1711 nii
312 1678 493 1712 Scotorum
512 1679 613 1711 rexit.

532 1790 815 1824 CORNELIUS
841 1791 874 1824 A
901 1791 1181 1826 ZIRICHZEA.
1234 1796 1314 1826 345.

245 1902 478 1935 CORNELIUS
496 1915 516 1936 a
538 1903 727 1943 Zirichzea,
748 1904 881 1948 origine
905 1904 1073 1944 Batavus,
1098 1917 1117 1938 a
1139 1905 1274 1939 Joanne
1298 1906 1518 1945 Mahuberto,
1543 1907 1602 1939 Ui-

245 1964 484 1990 tramontanae
514 1959 754 1992 observantiae
781 1961 944 2004 generali,
978 1960 1139 2005 Eugenio
1166 1961 1227 1995 IV.
1257 1963 1429 2005 pontifice,
1459 1968 1602 2007 rogante

242 2013 371 2046 Jacobo
402 2012 429 2045 I.
460 2025 550 2058 rege,
578 2015 614 2047 in
642 2015 791 2047 Scotiam
816 2021 868 2049 est
892 2017 1030 2055 missus,
1059 2022 1092 2049 et
1117 2018 1365 2050 monasterium
1391 2018 1600 2062 Edimburgi

244 2069 389 2107 fundat3
418 2070 475 2102 sed
494 2071 697 2112 procedente
715 2076 880 2113 tempore,
898 2072 1000 2105 rebus
1019 2073 1195 2117 religionis
1214 2085 1295 2106 suae
1314 2075 1545 2118 exigentibus.
1565 2075 1599 2106 in

245 2125 406 2170 Belgium
430 2136 507 2158 cum
536 2134 586 2158 vl.
612 2126 778 2159 fratribus
804 2138 974 2167 reversus,
999 2129 1226 2171 Antverpiae,
1253 2141 1322 2162 non
1349 2131 1421 2162 sine
1448 2131 1598 2162 maxima

244 2182 437 2214 sanctitatis
456 2182 628 2224 opinione,
649 2182 745 2214 obiit.
797 2182 942 2225 Scripsit

390 2237 579 2270 Conciones
598 2237 640 2269 ad
663 2237 832 2280 Populum
850 2239 886 2270 in
906 2239 1019 2272 Scotia
1206 2241 1264 2273 lib.
1286 2251 1308 2274 Ι.

389 2293 571 2326 Sermones
591 2294 633 2326 ad
653 2293 792 2326 Fratres
812 2294 937 2326 ibidem
1207 2297 1265 2329 lib.
1288 2308 1309 2330 1.

889 2353 909 2381 2
930 2361 947 2383 c
