1861 2682
245 275 303 303 102
616 273 839 307 HISTORIA
863 274 1225 307 ECCLESIASTICA

243 367 304 399 dit.
356 364 475 400 Scotos
500 371 616 400 autem
640 376 737 399 sacro
763 366 843 399 huic
868 365 956 399 bello
982 365 1180 399 interfuisse
1204 366 1305 399 docui
1331 366 1451 399 multis
1470 367 1514 399 ad
1534 366 1598 399 Hi-

241 423 383 456 storiam
418 421 597 455 Benedicti
631 420 776 461 Accolti,
811 426 845 454 et
878 420 1008 454 fatetur
1042 419 1243 464 Torquatus
1285 420 1417 454 Tassus
1459 421 1596 455 heroico

242 488 398 521 poemate
424 478 481 511 lib.
509 485 579 510 VII.
610 488 754 511 numero
784 484 912 510 LXVII.
942 475 1102 510 Fulcher.
1133 475 1337 509 Carnotens.
1370 476 1466 510 Gest.
1499 477 1600 511 Pere-

240 536 370 579 grinor.
398 544 470 577 cap.
498 542 533 566 v,
559 533 618 566 fin.
645 533 833 567 Guibertus
859 533 974 572 abbas,
1000 532 1156 566 omnium
1182 531 1419 575 ineptissimus
1444 533 1597 576 quisbel-

242 592 313 622 lum
341 590 425 622 illud
451 593 656 628 tractarunt,
682 589 741 623 lib.
770 598 792 622 1.
819 599 893 632 cap.
921 597 945 621 1.
972 587 1232 632 Urspergensis,
1259 592 1293 620 et
1322 587 1524 633 Sigebertus
1554 590 1598 622 ad

243 657 371 678 annum
397 654 521 678 mxcv,
572 644 700 678 Noster
717 649 833 678 autem
850 644 1051 678 Bernardus
1069 643 1161 677 inter
1178 642 1366 677 Godofredi
1384 645 1596 678 consiliarios

242 702 444 744 prudentiae
474 706 508 734 et
537 700 783 734 moderationis
809 701 946 734 laudem
975 706 1028 733 est
1056 704 1270 733 consecutus.
1305 699 1597 733 Scotichronicon.

243 757 387 800 Scripsit

386 813 445 845 Ad
475 811 717 857 Suffraganeos
747 823 828 845 suos
866 812 925 845 lib.
957 821 982 845 1.
1012 810 1117 845 Sedes
1147 816 1264 844 autem
1294 812 1501 855 episcopales
1535 813 1600 845 sub

437 868 569 901 Edessa
594 872 676 901 sunt
702 867 836 907 Virchi,
862 867 1077 907 Constantia,
1097 866 1260 906 Garrum‚
1280 867 1494 911 Mariopolis‚
1513 867 1601 901 Var-

432 935 512 962 non,
541 923 713 964 Gedaron‚
742 924 895 964 Ymeria‚
920 923 1171 966 Querquentia,
1199 922 1388 966 Capsamn,
1407 929 1441 957 et
1459 923 1600 957 Callini-

436 990 503 1013 cos.

388 1036 441 1069 De
458 1035 553 1069 Urbe
573 1035 792 1069 Hierusalem
818 1036 877 1069 lib.
897 1045 921 1068 1.
948 1035 1096 1068 Orditur
1121 1045 1219 1067 suam
1245 1034 1427 1068 historiam
1450 1035 1493 1068 ab
1510 1046 1600 1068 anno

437 1098 661 1124 DCCCCLXX.
681 1100 720 1124 ac
737 1091 894 1134 perducit
910 1101 1022 1134 usque
1040 1091 1083 1123 ad
1101 1089 1204 1123 finem
1222 1089 1421 1123 Godofredi.

392 1147 444 1180 De
459 1146 557 1180 Bello
571 1146 675 1180 Sacro
689 1146 748 1180 lib.
764 1155 833 1180 v11.
876 1146 1012 1180 Extant
1027 1146 1063 1179 in
1074 1145 1265 1179 Viennensi
1285 1145 1453 1179 Caesarea
1470 1145 1598 1179 Biblio-

435 1201 546 1235 theca.

295 1258 429 1291 Floruit
447 1257 511 1291 sub
528 1257 563 1291 S.
582 1257 767 1291 Malcolmo
786 1256 851 1291 111.
871 1257 986 1291 Scotia
1003 1268 1160 1302 egressus
1181 1262 1234 1291 est
1256 1267 1346 1290 anno
1372 1265 1466 1290 MCV.
1492 1268 1599 1300 quan-

247 1316 290 1347 ‹10
308 1314 405 1352 obiit,
423 1324 492 1347 non
510 1314 730 1357 deprehendi.

528 1423 810 1457 WALTERUS
836 1434 889 1458 DE
917 1424 1185 1458 BALTRODI.
1240 1427 1317 1458 182.

248 1538 478 1570 SVALTERUS
495 1537 538 1570 de
556 1535 725 1575 Baltrodi,
744 1536 932 1570 monachus
956 1536 1148 1576 Sconensis,
1172 1537 1320 1579 indeque
1344 1538 1533 1571 translatus
1557 1539 1599 1570 ad

245 1594 477 1636 episcopatum
504 1592 765 1631 Cathenensem,
792 1592 847 1625 vir
872 1592 1038 1625 discretus
1064 1592 1216 1631 consilio,
1243 1597 1278 1625 et
1302 1593 1485 1626 sanctitate
1507 1594 1599 1626 vitae

246 1647 536 1687 commendabilis,
554 1648 692 1691 scripsit

392 1704 666 1738 Constitutiones
685 1703 858 1737 Ecclesiae
875 1715 957 1737 suae
1209 1704 1267 1737 lib.
1288 1713 1311 1736 1.

296 1761 392 1793 Obiit
411 1771 500 1793 anno
520 1768 700 1794 MCCLXX.
752 1759 1030 1793 Scotichronicon
1048 1759 1106 1793 lib.
1126 1767 1164 1792 X.
1183 1769 1256 1803 cap.
1275 1767 1406 1792 xxvn.

747 1871 961 1905 BRIXIUS.
1013 1873 1091 1904 183.

248 1985 428 2022 ΒκιΧιυὸ,
448 1995 466 2017 a
484 1984 611 2016 teneris
628 1983 728 2017 annis
747 1983 853 2016 vitam
872 1983 1097 2016 monasticam
1116 1983 1306 2026 amplexus,
1326 1993 1403 2015 cum
1428 1987 1539 2016 aetate
1563 1984 1598 2015 iu

247 2040 445 2072 divinarum
463 2039 641 2072 literarum
658 2039 783 2072 notitia
801 2037 942 2071 mirifice
965 2039 1085 2077 crevit,
1108 2043 1142 2072 et
1165 2038 1265 2072 annis
1281 2040 1365 2072 satis
1383 2039 1599 2083 juvenilibus

247 2096 341 2138 prior
359 2095 500 2128 celebris
517 2094 669 2128 coenobii
687 2095 729 2127 de
746 2093 963 2139 Lesmohago
980 2094 1211 2128 renunciatus.
1260 2094 1350 2128 Cum
1373 2094 1515 2128 obiisset
1537 2094 1599 2126 Ri-

248 2152 394 2184 chardus
419 2150 597 2184 Moraviae
615 2150 804 2194 episcopus,
824 2150 872 2182 illi
891 2150 1064 2184 successit.
1105 2150 1410 2184 Scotichronichon
1433 2150 1490 2183 lib.
1510 2157 1597 2182 vm.

248 2218 319 2250 cap.
340 2215 450 2240 LXIV.
499 2205 645 2249 Scripsit

389 2262 500 2305 Super
517 2261 712 2296 Sententias
1204 2263 1261 2295 lib.
1283 2271 1334 2295 lv.
