1861 2682
277 263 338 295 176
651 264 876 296 HISTORIA
899 262 1263 295 ECCLESIASTICA

468 355 538 398 psit
555 355 749 399 Dungalus.
781 354 871 388 Vide
888 364 977 397 quae
993 353 1130 386 notavit
1143 352 1318 395 Papyrius
1336 351 1521 384 Massonus
1538 352 1561 384 J
1564 375 1572 384 .
1591 354 1630 386 C.

419 411 461 444 In
478 411 523 443 D.
543 410 763 443 Matthaeum
1220 407 1280 440 lib.
1302 415 1360 439 111.
1378 418 1480 450 quem
1499 408 1631 450 primus

468 467 628 509 exposuit
647 466 820 498 Baronius
838 469 921 497 tom.
942 472 980 496 X.
998 462 1128 496 Annal.

420 522 462 555 In
481 522 758 555 pentateuchum
1228 518 1287 551 lib.
1307 527 1344 551 V.

418 578 461 611 In
480 578 604 620 Capita
621 577 643 609 J
646 578 785 610 udicum
1227 575 1287 608 lib.
1308 583 1332 607 Ι.

418 633 667 666 Enarrationes
685 633 722 665 in
740 632 839 664 Ruth
1226 631 1285 664 lib.
1306 639 1331 663 I.

417 688 528 731 Super
546 688 755 720 psalterium
1227 687 1286 720 lib.
1307 696 1332 720 Ι.

417 743 459 776 111
478 754 595 776 omnes
613 743 789 785 Epistolas
808 742 910 775 Pauli
1228 743 1286 776 lib.
1307 752 1331 776 1.

417 799 470 831 De
488 798 796 842 Evangelistarum
815 798 1006 831 Concordia
1229 799 1288 831 lib.
1308 807 1392 831 Xtv.

417 854 620 887 Memoriale
640 853 877 887 Historiarum
1227 855 1286 888 lib.
1306 864 1330 887 1.

418 909 561 942 Summa
580 910 749 952 quaedam
1226 911 1284 944 lib.
1306 920 1329 944 1.

419 965 594 998 Homiliae
1224 967 1283 1000 lib.
1305 976 1328 999 1.
1370 971 1411 1000 ut
1457 966 1632 1001 Bostonus

465 1021 620 1053 tradidit.

322 1076 502 1109 claritudo
525 1077 710 1119 praecipua
732 1088 823 1110 anno
841 1085 1038 1110 DCCCLXV.
1065 1079 1124 1111 sed
1150 1079 1289 1122 quando
1315 1078 1449 1118 obierit,
1476 1084 1536 1112 aut
1561 1079 1631 1117 ubi,

274 1143 343 1166 non
359 1132 481 1175 reperi.

724 1243 960 1277 CLEMENS
984 1244 1049 1278 VI.
1101 1247 1181 1278 305.

277 1357 473 1390 CLEMENS
491 1356 554 1390 VI.
574 1356 638 1388 etsi
661 1360 740 1388 ortu
763 1355 944 1394 Lemovix,
967 1360 1083 1388 tamen
1105 1356 1197 1388 inter
1221 1355 1340 1389 Scotos
1363 1367 1457 1389 meos
1477 1357 1558 1401 jure
1580 1368 1634 1391 re-

276 1417 424 1455 ponetur
442 1424 483 1445 ex
502 1411 759 1444 Scotichronico
777 1411 834 1444 lib.
854 1420 907 1443 VI.
928 1422 1001 1454 cap.
1021 1420 1115 1444 XLV.
1144 1416 1164 1430 ‘⁶
1184 1412 1252 1444 Hic
1276 1411 1373 1454 Papa
1391 1412 1549 1445 Clemens
1568 1412 1632 1446 VI.

277 1468 452 1502 descendit
471 1468 641 1500 linealiter
659 1467 700 1499 de
724 1467 838 1499 Maria
856 1467 1030 1500 comitissa
1051 1467 1240 1505 Bononiae,
1265 1467 1336 1499 filia
1359 1467 1393 1500 S.
1414 1467 1633 1512 Margaretae

278 1525 426 1569 reginae,
463 1528 495 1556 et
532 1523 705 1555 Malcolmi
741 1523 834 1566 regis
865 1523 1077 1555 Scotorum.”
1133 1523 1209 1556 Hoc
1240 1523 1335 1555 nolui
1366 1523 1542 1561 omissum,
1573 1524 1633 1566 qui

278 1582 368 1614 bona
391 1579 456 1611 fide
479 1590 533 1611 res
559 1578 692 1611 Scotiae
716 1589 810 1610 meae
833 1579 997 1621 disquiro,
1022 1583 1056 1611 et
1078 1578 1285 1612 honorificos
1310 1579 1423 1611 laudis
1445 1590 1516 1612 11011
1536 1578 1634 1612 fictae

281 1637 401 1669 titulos
419 1635 449 1668 ei
469 1645 639 1678 comparo.
692 1634 910 1667 Consulenda
928 1634 1009 1667 hist.
1029 1636 1144 1667 eccles.

328 1691 424 1725 Sedit
441 1692 541 1724 annis
563 1689 727 1736 [decem.]
781 1690 922 1723 Electus
941 1695 993 1723 est
1010 1702 1101 1724 anno
1121 1688 1370 1735 [MCCCXLH]

714 1802 748 1835 S.
768 1800 1076 1835 CADUCANUS.
1128 1801 1208 1835 306.

283 1915 317 1948 S.
352 1915 608 1952 CADUCANUs,
643 1915 770 1947 illustri
804 1914 969 1947 comitum
1004 1914 1045 1946 de
1078 1913 1233 1946 Galweia
1272 1913 1440 1957 sanguine
1481 1915 1517 1946 in
1557 1914 1636 1947 Sco-

284 1973 332 2004 tia
357 1976 470 2009 natus,
503 1970 593 2003 filius
620 1970 791 2014 Fergusii,
819 1970 928 2002 frater
952 1969 1109 2007 Othredi‚
1137 1980 1214 2002 cum
1240 1969 1300 2001 diu
1326 1969 1424 2002 bonis
1451 1970 1561 2003 literis
1587 1971 1637 2002 in-

284 2027 458 2060 cubuisset
493 2027 528 2058 in
561 2026 733 2059 academia
763 2025 964 2063 Oxoniensi‚
996 2036 1084 2068 quae
1113 2025 1273 2058 omnibus
1301 2024 1411 2057 Scotis
1447 2030 1481 2058 et
1511 2025 1637 2058 Hiber-

285 2084 349 2121 nis,
372 2087 412 2114 ut
437 2083 520 2120 dixi,
547 2093 615 2114 non
641 2081 756 2113 minus
781 2091 887 2123 quam
912 2079 1038 2124 Anglis
1064 2081 1256 2113 eommunis
1287 2085 1372 2119 erat,
1398 2085 1442 2124 et*
1459 2080 1638 2113 confirmat

286 2138 500 2171 clementina
533 2135 577 2169 (le
609 2133 807 2179 Mag-istm
838 2136 897 2168 lib.
932 2144 968 2168 V.
1008 2147 1049 2168 ex
1088 2137 1223 2169 decreto
1262 2136 1395 2169 concilii
1430 2135 1638 2169 Viennensis

285 2194 349 2227 sub
383 2193 559 2226 Clemente
588 2192 632 2225 V.
667 2192 746 2224 inde
776 2196 960 2230 extractus,
989 2192 1032 2224 ad
1061 2191 1340 2224 Banchorensem
1370 2192 1484 2224 sedem
1515 2202 1637 2224 vacan-

286 2255 355 2282 tem
386 2253 537 2286 vocatus,
565 2248 625 2280 diu
655 2259 729 2280 eam
753 2247 808 2290 pie
837 2252 871 2280 et
900 2247 1074 2280 moderate
1100 2248 1379 2286 administravit3
1411 2248 1470 2280 sed
1500 2247 1638 2291 regimi-

288 2307 340 2339 nis
366 2309 554 2348 pertaesus,
579 2304 739 2337 derelicto
768 2303 907 2342 honore,
934 2303 970 2335 in
996 2302 1146 2336 Scotiam
1169 2304 1382 2348 remigravit,
1408 2308 1442 2335 et
1460 2313 1495 2335 se
1513 2302 1549 2334 in
1567 2313 1638 2335 mo-
