1861 2682
282 253 344 282 210
655 252 879 284 HISTORIA
903 252 1263 284 ECCLESIASTICA

808 397 975 430 DAVID.
1025 400 1105 430 383.

287 516 305 530 ‘⁶
324 510 458 543 DAVID
476 511 665 554 presbyter,
683 509 821 542 natione
839 508 992 546 Scotus‚”
1005 509 1055 541 ait
1068 508 1228 547 Ba1aeus,
1249 512 1270 526 “
1283 509 1504 552 antiquorum
1522 509 1632 552 philo-

281 567 467 610 sophorum
486 568 640 609 exemplo
658 566 811 603 ductus,''
837 564 977 606 reliquit
999 568 1127 597 terram
1150 564 1310 607 patriam,
1337 569 1370 596 et
1392 575 1506 597 amore
1528 565 1631 598 bona-

282 633 358 655 rum
377 623 636 665 disciplinarum
658 621 862 664 longinquas
886 620 1042 663 regiones
1067 620 1162 657 adiit,
1188 620 1225 652 in
1251 620 1462 662 superiorem
1489 619 1631 653 Germa-

280 679 384 716 niam,
402 682 480 720 post
496 678 599 720 longa
616 680 650 708 et
668 676 838 708 laboriosa
855 675 980 714 studia,
1000 675 1212 717 exspatiatus
1231 680 1292 714 est,
1307 676 1350 708 ad
1364 675 1631 720 lVirceburgen·

279 744 351 765 sem
368 733 518 765 scholam
536 731 682 775 insignis
700 730 915 773 paedotribes
933 731 1103 762 admissus
1121 735 1183 762 est.
1218 730 1273 763 Eo
1287 735 1441 773 tempore
1457 731 1629 763 Henricus

280 788 322 821 V.
349 788 536 829 imperator
561 788 596 818 in
623 786 761 818 Italiam
788 785 888 817 rebus
915 786 1055 829 agendis
1084 785 1311 827 proficiscens,
1338 787 1397 818 sed
1421 797 1491 818 non
1518 788 1629 819 solum

278 843 420 875 armat-is
443 841 622 879 militibus,
649 841 708 873 sed
732 846 765 872 et
786 840 907 882 peritis
931 851 1067 883 quoque
1091 841 1175 872 viris
1199 852 1237 873 ac
1260 841 1407 873 literatis
1432 841 1630 874 hominibus

277 898 438 935 munivit,
462 902 502 930 ut
525 908 586 939 per
609 898 700 939 ipsos
724 897 847 939 cuique
870 896 1034 938 poscenti,
1060 896 1097 928 in
1123 897 1217 928 omni
1243 897 1435 928 eruditione
1460 896 1629 928 rationem

276 954 444 986 redderet.
495 952 592 985 Inter
609 963 665 984 eos
683 951 854 984 Davidem
872 951 963 983 hunc
981 950 1120 983 Scotum
1139 962 1159 983 a
1176 952 1307 984 sacellis
1321 951 1454 989 habuit,
1472 951 1629 984 doctrina

276 1020 314 1041 ac
332 1019 468 1041 morum
487 1008 657 1051 probitate
675 1011 908 1049 praestantem
933 1006 1058 1045 virum,
1085 1012 1105 1025 “
1123 1007 1183 1049 qui
1202 1007 1323 1051 jussus
1347 1006 1476 1045 abillo,
1499 1012 1539 1039 ut
1563 1007 1629 1039 Ur-

275 1065 470 1108 spergensis
497 1068 616 1096 auctor
641 1068 703 1100 est,
730 1062 863 1094 itineris
890 1062 964 1105 ejus
995 1073 1145 1100 cursum,
1173 1073 1290 1095 rerum
1319 1063 1357 1094 in
1384 1073 1423 1094 eo
1451 1067 1629 1106 gestarum

275 1120 428 1152 ordinem
447 1119 538 1151 facili
556 1120 657 1161 stylo,
676 1128 763 1160 quae
781 1117 823 1149 ab
841 1117 1000 1150 omnibus
1019 1118 1286 1162 intelligeretur,
1305 1118 1479 1161 digessit.”
1516 1117 1627 1150 Addit

275 1175 604 1212 Malmesburiensis,
632 1178 652 1192 “
669 1174 705 1205 in
724 1173 872 1217 gratiam
894 1172 1060 1216 principis
1083 1174 1270 1216 proclivior
1294 1184 1399 1216 quam
1423 1173 1626 1205 historicum

274 1230 445 1263 decebat.”
495 1229 641 1272 Scripsit

418 1285 490 1318 Iter
508 1285 730 1328 Imperatoris
749 1284 897 1316 Romam
1192 1285 1251 1317 lib.
1272 1293 1296 1316 Ι.
1314 1283 1520 1316 Guilielmus
1539 1283 1628 1316 Mal-

464 1341 708 1374 mesburiensis
725 1340 973 1384 panegyricum
990 1339 1084 1373 haud
1100 1344 1190 1373 recte
1207 1344 1307 1372 vocat
1325 1340 1383 1372 lib.
1404 1348 1456 1371 IV.

417 1396 660 1439 Expeditionis
678 1395 806 1428 Seriem
1193 1395 1252 1428 lib.
1274 1404 1331 1427 111.
1360 1394 1506 1427 Indubie
1524 1395 1624 1432 idem,

463 1453 542 1484 licet
561 1453 628 1484 alio
646 1452 761 1488 titulo,
780 1461 877 1492 opus.

415 1507 689 1551 Magistratuum
710 1506 867 1550 Insignia
1185 1506 1244 1538 lib.
1265 1515 1289 1538 1.

414 1563 624 1607 Apologiam
643 1563 685 1594 ad
703 1562 883 1594 Caesarem
1184 1561 1242 1594 lib.
1263 1570 1287 1593 Ι.

415 1619 468 1651 De
486 1618 609 1662 Regno
627 1618 808 1650 Scotorum
1188 1617 1246 1649 lib.
1267 1625 1290 1648 1.

320 1675 455 1708 Claruit
472 1674 536 1707 sub
553 1673 752 1706 Alexandro
770 1672 798 1705 Ι.
817 1683 896 1716 rege
915 1672 1058 1711 Scotiae,
1077 1683 1167 1705 anno
1185 1673 1286 1705 salut.
1307 1680 1437 1704 MCXX.

711 1786 745 1818 S.
772 1784 1046 1818 DAMIANUS.
1099 1786 1179 1816 384.

271 1900 305 1932 S.
324 1899 556 1937 DAMIANUS,
577 1899 613 1930 in
631 1898 743 1940 patria
762 1898 928 1929 incertum
948 1907 1018 1938 qua
1035 1896 1112 1927 sede
1130 1895 1318 1937 episcopus,
1345 1898 1365 1912 ‘⁶
1383 1895 1528 1927 eximiae
1552 1896 1623 1937 pie-

272 1956 363 1994 tatis,
389 1960 422 1987 et
444 1954 691 1987 sanctimoniae
709 1953 884 1985 illustris.”
911 1951 1012 1984 Hect.
1032 1950 1202 1983 Boethius
1220 1950 1278 1982 lib.
1300 1958 1353 1981 IX.
1374 1949 1508 1982 Histor.
1529 1950 1621 1983 Scot.

270 2022 348 2055 pag.
384 2019 549 2042 CLXXVI.
612 2009 744 2041 Eodem
781 2013 932 2050 tempore
970 2005 1071 2038 fidem
1106 2005 1339 2038 Christianam
1374 2006 1475 2037 rudes
1511 2005 1622 2037 adhuc

270 2068 414 2109 populos
439 2071 578 2099 strenue
606 2065 757 2102 docebat,
784 2074 861 2095 cum
889 2066 1081 2094 monstrum
1109 2061 1245 2093 Orienti
1272 2060 1375 2093 fatale
1402 2060 1622 2093 Mahometus

271 2122 367 2159 obiit,
391 2130 462 2153 XII.
489 2122 616 2153 scilicet
638 2119 830 2152 Donevaldi
854 2119 944 2162 regis
968 2128 1068 2155 anno,
1095 2117 1279 2158 eademque
1303 2121 1506 2158 tempestate
1531 2115 1621 2148 Con-

272 2187 393 2215 nanus,
425 2176 670 2212 Columbanus,
702 2174 926 2211 Chroniacus,
960 2173 1117 2210 Dimaus,
1152 2177 1184 2204 et
1217 2172 1402 2215 Bigitanus
1438 2171 1618 2214 episcopali

272 2244 408 2276 quoque
426 2232 554 2264 honore
573 2242 610 2263 ac
628 2231 809 2263 sanctitate
827 2230 1033 2262 eminebant.
1086 2228 1231 2270 Scripsit

415 2287 455 2320 In
475 2287 617 2319 Cantica
636 2286 857 2319 Canticorum
1181 2283 1238 2316 lib.
1260 2292 1282 2315 1.
