1861 2682
263 211 325 241 302
638 213 864 246 HISTORIA
887 214 1251 247 ECCLESIASTICA

265 304 314 337 ait
339 303 440 338 Joan.
465 304 630 339 Leslaeus
655 306 715 338 lib.
736 314 788 338 IV.
815 305 909 338 Hist.
937 306 1029 339 Scot.
1056 317 1135 350 pag.
1163 315 1300 339 CXLIV.
1327 311 1363 340 at
1388 306 1621 342 Demochares

265 365 348 393 tom.
381 370 422 394 11.
453 361 574 394 Sacrif.
610 361 709 394 Miss.
747 372 819 404 cap.
853 369 935 393 XIV.
972 362 1146 394 antistites
1182 361 1396 396 Rhemenses
1430 369 1622 403 enumerat,

265 417 392 450 omisso
410 418 480 450 illo.
524 417 627 450 Hect.
647 417 771 450 Boeth.
790 417 849 450 lib.
866 426 921 450 lx.
941 416 1076 450 Histor.
1096 417 1188 451 Scot.
1202 429 1283 462 pag.
1300 427 1441 451 CLVIII.
1461 423 1481 437 “
1496 418 1625 451 Gibiri-

263 483 329 506 nus
348 477 495 511 nostras,
513 473 569 506 vir
586 474 716 517 insigni
739 474 878 516 pietate,
903 475 963 515 qui
986 473 1203 506 ethnicorum
1226 475 1262 507 in
1284 474 1435 507 Albione
1457 475 1625 519 injuriam

264 528 437 561 declinans
456 539 535 562 cum
552 529 733 568 fratribus,
759 540 798 562 ac
821 530 926 562 etiam
951 529 1136 568 sororibus,
1163 541 1249 573 quas
1276 531 1393 563 eadem
1420 532 1456 563 in
1483 530 1624 564 Christo

263 589 421 617 moverat
443 584 606 623 charitas,
633 586 827 618 transmisit
849 586 885 617 in
911 584 1072 625 Galliam,
1100 586 1161 618 ubi
1187 585 1418 620 Rhemensem
1445 587 1623 619 civitatem

263 640 356 672 vitae
373 641 612 679 sanctimonia,
632 645 666 673 et
685 642 860 674 miraculis
878 642 1048 674 ornavit.”
1084 641 1268 674 Flodoard.
1288 641 1476 686 Presbyter
1493 642 1551 674 lib.
1568 649 1621 674 lv.

264 694 398 728 Histor.
418 695 548 728 Eccles.
568 695 736 729 Rhemen.
756 707 829 739 cap.
850 706 905 730 IX.
933 702 953 716 “
971 697 1097 730 Delata
1122 702 1205 730 sunt
1230 698 1273 730 ad
1299 698 1474 730 ecclesiam
1498 697 1532 730 S.
1556 697 1622 730 Re-

261 751 359 795 migii
377 752 531 785 membra
549 751 584 784 S.
604 751 762 785 Gibriani
781 764 801 785 a
818 764 908 797 pago
925 753 1182 791 Catalaunensi,
1205 753 1263 786 ubi
1283 753 1524 797 peregrinatus
1542 764 1621 787 nos-

262 807 362 846 citur,
381 812 414 840 et
432 807 619 847 humatus;
647 809 859 841 advenerant
878 810 1048 852 siquidem
1068 810 1111 842 ab
1130 809 1301 842 Hibernia
1319 809 1355 840 in
1372 808 1461 841 hanc
1478 809 1621 851 provin-

262 863 349 895 ciam
376 870 505 906 septem
532 863 658 897 fratres
676 865 966 909 peregrinationis
989 865 1032 898 ob
1058 876 1222 904 amorem,
1250 864 1382 897 Christi
1401 865 1537 908 gratia3
1565 864 1622 897 hic

261 919 389 952 scilicet
407 919 605 959 Gibrianus,
627 920 795 959 Tesanus,
815 920 1003 959 Tresanus,
1023 920 1228 959 Germanus,
1247 920 1417 959 Veranus,
1443 920 1621 959 Abranus,

260 974 442 1015 Petranus,
463 987 541 1008 cum
560 976 671 1009 tribus
689 977 865 1009 sororibus
883 977 966 1016 suis,
988 977 1140 1016 Franda,
1164 977 1356 1020 Promptia,
1375 981 1409 1010 et
1428 977 1617 1015 Possenna,

259 1032 423 1076 eligentes
451 1032 516 1064 sibi
544 1043 648 1075 super
676 1032 823 1065 fluvium
853 1034 994 1066 nomine
1021 1033 1221 1066 Matronam
1247 1037 1444 1075 opportuna
1470 1032 1616 1077 degendi

258 1088 341 1126 loca,
360 1098 508 1130 quorum
526 1088 582 1121 hic
600 1088 801 1128 Gibrianus,
820 1094 960 1122 sanctus
985 1090 1153 1127 sacerdos,
1179 1089 1352 1132 quendam
1378 1089 1493 1121 vicum
1513 1088 1618 1132 elegit

258 1143 301 1175 ad
319 1143 558 1183 habitandum,
577 1144 676 1177 Colla
693 1149 866 1183 vocatum,
892 1145 951 1177 ubi
978 1145 1136 1187 pluribus
1163 1154 1334 1176 annorum
1359 1144 1539 1177 curriculis
1565 1154 1619 1176 so-

257 1197 341 1237 brie,
356 1199 462 1243 juste,
481 1200 604 1244 pieque
622 1201 754 1238 vivens,
773 1211 883 1244 usque
901 1201 944 1233 ad
958 1201 1091 1233 exitum
1103 1201 1207 1239 vitae,
1221 1200 1350 1233 bonum
1362 1200 1498 1233 studuit
1511 1204 1618 1232 certa—

257 1265 336 1287 men
355 1259 508 1295 certare;
535 1256 635 1300 cujus
661 1267 784 1299 corpus
810 1257 962 1299 primum
988 1257 1117 1289 dicitur
1137 1257 1241 1301 juxta
1258 1267 1420 1300 aggerem
1438 1255 1616 1298 publicum

258 1312 464 1354 sepultum.”
522 1310 611 1344 Vide
637 1323 726 1355 quae
752 1317 956 1356 sequuntur.
1018 1312 1174 1357 Injurius
1200 1318 1252 1345 est
1278 1312 1494 1345 Flodoardus
1519 1312 1616 1355 genti

259 1372 408 1406 nostrae,
427 1368 510 1400 dum
529 1373 688 1401 sanctum
706 1369 801 1401 hunc
826 1369 925 1402 nobis
951 1369 1152 1411 ademptum
1178 1367 1345 1400 HiberniS
1371 1368 1502 1406 donat3
1529 1367 1617 1400 falso

257 1435 350 1462 sane,
368 1434 448 1456 nam
463 1429 600 1466 praeter
617 1424 775 1457 laudatos
790 1424 991 1469 Sigebertus
1006 1424 1279 1457 Gemblacensis:
1300 1428 1320 1441 “
1335 1422 1523 1456 Gibrianus
1538 1423 1617 1456 Sco-

258 1485 326 1519 tus,
345 1491 423 1512 cum
441 1479 609 1512 fratribus
629 1485 663 1512 et
681 1480 856 1513 sororibus
878 1481 914 1513 in
938 1480 1087 1514 Galliam
1106 1479 1358 1524 peregrinatus,
1383 1479 1506 1511 urbem
1524 1478 1617 1512 Rhe·-

255 1546 408 1568 mensem
426 1536 500 1568 vita
518 1540 552 1567 et
570 1541 680 1569 morte
698 1547 761 1569 sua
779 1537 962 1569 illustrat.”
1013 1536 1102 1568 Tam
1122 1535 1263 1568 celebris
1288 1535 1399 1568 sancti
1422 1536 1554 1568 nullam
1578 1536 1615 1568 in

255 1591 510 1635 Martyrologio
529 1590 688 1624 Romano
706 1591 779 1625 fieri
797 1592 1019 1630 mentionem,
1036 1592 1165 1624 mirum
1184 1591 1294 1624 videri
1312 1595 1459 1634 poterat,
1487 1591 1554 1624 nisi
1581 1596 1615 1624 et

255 1648 313 1680 alii
340 1652 454 1680 essent
479 1648 725 1689 praetermissi.
778 1647 942 1681 Meminit
967 1653 1084 1681 tamen
1109 1647 1272 1680 Molanus
1298 1647 1334 1679 in
1359 1645 1542 1679 Addition.
1570 1647 1613 1680 ad

255 1702 406 1735 Usuard.
436 1702 743 1747 Martyrologium,
771 1703 902 1737 Molan.
934 1704 989 1737 die
1015 1712 1101 1736 VIII.
1129 1702 1228 1742 Maii,
1255 1713 1324 1746 quo
1350 1713 1473 1745 corpus
1500 1704 1610 1737 sancti

254 1760 474 1792 translatum.
526 1757 617 1802 Ejus
635 1765 734 1793 erant
752 1761 862 1793 multa
879 1760 1018 1803 scripta,
1037 1760 1096 1793 sed
1113 1763 1209 1792 extat
1227 1763 1365 1792 tantum

399 1814 560 1857 Epistola
577 1815 618 1847 de
637 1814 931 1860 Peregrinationis
950 1816 1050 1848 Bono
1266 1814 1324 1847 lib.
1345 1823 1370 1846 Ι.

302 1870 467 1903 Florebat
487 1881 577 1903 anno
598 1879 682 1904 Dlx.
701 1877 742 1905 ut
760 1871 940 1916 Sigeberto
958 1872 1084 1910 visum,
1112 1871 1167 1904 vel
1193 1881 1284 1903 anno
1302 1878 1436 1903 DXXH.
1462 1875 1503 1903 ut
1524 1869 1613 1903 Boe-

253 1927 328 1961 thio
345 1927 467 1970 placet.

685 2039 720 2072 S.
748 2038 1042 2073 GLACIANUS.
1094 2037 1175 2071 561.

252 2158 272 2172 “
291 2151 326 2185 S.
345 2150 596 2191 GLACIANUS,
617 2157 652 2185 et
668 2152 742 2195 ipse
761 2152 906 2185 antistes
932 2151 1103 2196 egregius,
1129 2162 1200 2183 non
1226 2151 1300 2183 sine
1326 2150 1522 2183 sanctitatis
1549 2160 1610 2183 no-

252 2209 345 2242 mine
363 2211 398 2239 et
417 2206 577 2249 opinione
595 2207 744 2246 doctor,”
771 2208 820 2240 ait
843 2207 890 2240 H.
910 2207 1079 2240 Boethius
1102 2207 1161 2239 lib.
1182 2216 1220 2239 X.
1244 2217 1323 2251 pag.
1344 2215 1449 2239 cxm.
1503 2205 1608 2239 Hunc

251 2269 287 2301 in
323 2268 384 2301 SS.
415 2267 532 2301 album
563 2266 710 2298 relatum
738 2265 854 2309 prodit
881 2264 1078 2302 Fordunus‚
1105 2263 1163 2296 sed
1190 2263 1272 2307 quia
1295 2273 1365 2296 non
1390 2267 1442 2295 est
1469 2262 1511 2294 ad
1538 2272 1609 2294 ma-
