1861 2682
598 256 768 288 GENTIS
792 255 1060 292 SCOTORUM,
1085 255 1171 286 LIB.
1195 257 1219 286 1.
1549 258 1587 289 19

235 347 350 380 nuisse
364 348 456 390 apud
469 347 581 380 Deum
596 348 766 391 optimum
779 347 982 386 maximum,
1000 347 1098 391 cujus
1112 347 1214 380 nutui
1228 351 1350 379 cuncta
1364 347 1508 390 imperia
1525 348 1585 380 ho-

235 404 436 447 minumque
447 407 578 436 mentes
590 408 623 437 et
635 404 727 436 domi
739 408 772 436 et
784 403 928 435 militiae
939 403 1128 446 subjacent,
1139 409 1180 436 ut
1190 414 1229 435 eo
1243 402 1331 435 bello
1345 407 1583 445 perseverante

234 457 328 491 Scoti
354 463 388 492 et
412 459 502 492 Picti
526 469 704 502 nunquam
723 459 806 492 totis
824 459 956 491 viribus
973 457 1301 502 congrederentur.’'
1353 457 1583 501 Episcopatus

234 513 440 556 dignitatem
459 519 574 547 sancte
592 519 626 547 et
648 514 812 559 graviter,
840 514 925 546 nulli
951 517 1062 546 certae
1084 513 1156 545 sedi
1180 513 1347 551 addictus,
1372 518 1412 546 ut
1435 514 1509 556 ejus
1533 525 1584 547 se-

233 569 302 600 culi
331 568 464 602 ferebat
493 570 714 607 consuetudo,
745 569 907 601 exercuit.
939 567 1012 600 Alii
1039 568 1193 601 Huensis
1218 569 1418 601 monasterii
1444 574 1581 602 tantum

234 622 392 655 abbatem
410 623 518 657 fuisse
536 626 669 658 volunt.
704 624 798 657 Beda
816 624 874 656 lib.
896 632 931 657 v,
950 623 1085 657 Histor.
1104 622 1303 657 Ecclesiast.
1319 623 1421 657 Gent.
1436 624 1581 669 Anglor.

233 687 305 719 cap.
327 686 408 710 XVI.
427 684 461 711 et
478 687 581 711 xxn.

281 731 392 766 Addit
410 733 606 772 Fordunus,
620 735 853 768 sanctissimas
872 735 964 767 illius
982 734 1143 777 reliquias
1161 745 1225 767 sua
1241 739 1352 767 aetate
1369 735 1405 767 in
1424 735 1582 768 Moravia

233 796 447 821 asservatas:
481 790 539 821 sed
564 790 648 832 quia
672 800 734 822 nec
758 791 1006 834 martyrologia
1030 801 1092 823 nec
1117 790 1271 823 historici
1297 790 1355 823 alii
1382 791 1581 833 loquuntur,

233 842 326 875 haud
344 843 509 876 affirmem
527 845 565 876 in
581 856 618 877 re
635 845 808 889 ambigua.
859 845 1004 888 Scripsit

378 898 469 932 Acta
486 899 687 943 Legationis
705 911 786 933 suae
1050 901 1108 933 lib.
1129 910 1152 933 1.

375 954 428 987 De
445 955 584 998 Synodo
601 956 714 998 patria
1048 956 1106 989 lib.
1126 964 1150 988 1.

378 1010 436 1043 Ad
454 1010 489 1042 N
491 1011 729 1044 ordanimbros
1048 1012 1107 1044 lib.
1128 1021 1151 1043 1.

380 1065 552 1098 Homilias
570 1077 613 1098 ex
629 1067 734 1099 sacris
752 1066 939 1110 Scripturis
1047 1067 1105 1100 lib.
1125 1076 1148 1099 Ι.

377 1120 437 1152 Ad
454 1120 571 1153 Pictos
589 1120 819 1154 Monitorium
1051 1123 1110 1156 lib.
1130 1131 1154 1155 1.
1187 1122 1304 1166 Hujus
1334 1128 1368 1156 et
1397 1125 1583 1167 superioris

423 1175 536 1216 operis
554 1176 712 1208 meminit
730 1176 924 1210 Fordunus.

283 1229 446 1263 Florebat
469 1240 560 1263 anno
586 1238 767 1262 DCLxxx.
794 1231 930 1264 Colitur
953 1233 1007 1265 die
1031 1242 1151 1266 XX111.
1176 1233 1348 1277 Septemb.
1372 1234 1583 1269 Scotichron.

234 1285 292 1318 lib.
313 1293 396 1318 XIV.
415 1296 442 1318 c.
462 1293 528 1318 XL.
547 1284 678 1317 Molan.
698 1286 740 1318 ad
759 1286 909 1319 Usuard.
928 1292 989 1320 aut
1007 1296 1123 1321 XXXI.
1147 1289 1291 1322 Januar.
1311 1290 1459 1333 Martyr.
1477 1291 1584 1336 Angl.

235 1340 434 1383 Praecipuis
451 1341 585 1374 Scotiae
603 1341 730 1373 sanctis
748 1347 954 1375 annumerat
972 1343 1070 1376 illum
1089 1343 1123 1376 S.
1142 1343 1312 1377 Alcuinus
1334 1346 1370 1377 in
1396 1345 1585 1379 Bibliothe-

233 1406 273 1429 ca
291 1395 494 1430 Bertiniana
510 1400 668 1440 poemate
685 1405 845 1430 CCXLVI.
865 1397 940 1430 MS.

528 1479 675 1512 Patricius,
690 1480 842 1513 Cheranus,
859 1480 1002 1509 Scotorum
1016 1481 1103 1518 gloria
1115 1483 1217 1519 gentis,

527 1525 624 1562 Atque
639 1525 836 1559 Columbanus,
851 1526 1010 1563 Congallus,
1026 1526 1210 1556 Adamnanus
1223 1534 1315 1566 atque,

529 1570 666 1598 Praeclari
680 1576 782 1609 patres,
796 1581 904 1599 morum
917 1573 1048 1609 vitaeque
1061 1574 1197 1610 magistri,

527 1615 584 1642 Hic
598 1616 689 1652 pietas
702 1617 830 1653 precibus
843 1617 941 1644 horum
955 1628 1004 1645 nos
1019 1618 1133 1654 adjuvet
1147 1629 1250 1647 omnes.

655 1727 690 1760 S.
715 1726 1055 1762 AMPHIBALUS.
1109 1729 1164 1763 16.

235 1839 271 1871 S.
301 1837 581 1877 AMPHIBALUS,
613 1838 834 1872 Vei-emundo
866 1843 1015 1879 auctore,
1047 1841 1101 1873 vir
1130 1841 1259 1886 insigni
1289 1843 1427 1885 pietate,
1453 1845 1585 1887 primus

235 1893 436 1926 Sodorensis
475 1894 655 1937 episcopus
692 1899 849 1927 creatus:
887 1895 1040 1938 primum
1077 1897 1114 1929 in
1156 1896 1265 1930 Mona
1304 1899 1418 1932 insula
1460 1900 1587 1942 episco-

236 1959 319 1991 pum
337 1954 437 1982 vocat
454 1948 509 1982 Jo.
525 1949 688 1983 Leslaeus
706 1960 785 1996 pag.
802 1958 947 1982 LXVIII.
990 1950 1154 1994 Epitome
1171 1951 1371 1986 Chronicar.
1412 1959 1432 1973 ‘⁶
1449 1954 1483 1987 S.
1502 1954 1586 1987 Am-

237 2003 396 2045 phibalus
414 2003 600 2038 Scotiensis
617 2006 797 2048 episcopus
815 2006 851 2038 in
869 2005 1043 2039 Canonica
1061 2007 1294 2041 Insularum.''
1345 2014 1365 2028 ‘⁶
1379 2010 1510 2043 Christi
1527 2011 1586 2043 do-

238 2068 319 2101 gma
350 2069 410 2100 per
440 2058 620 2092 Scotorum
652 2060 898 2103 Pictorumque
928 2062 1085 2106 regiones
1114 2064 1336 2106 propalando,
1366 2067 1476 2098 multa
1509 2077 1587 2099 con-

238 2118 292 2146 tra
334 2113 525 2146 Gentilium
567 2116 769 2160 religionem
816 2117 968 2150 docendo
1018 2118 1264 2163 scribendoque
1313 2121 1502 2164 gloriosum
1553 2127 1586 2154 et

238 2168 438 2201 Christiano
473 2169 548 2201 viro
582 2171 683 2212 plane
720 2171 876 2215 dignum,
917 2174 1027 2206 multa
1064 2180 1238 2207 senectute
1277 2176 1424 2209 vivendo
1462 2177 1582 2215 fessus,

238 2224 459 2266 foelicemque
480 2225 623 2257 sortitus
641 2229 693 2257 est
716 2225 848 2258 finem.'’
901 2227 1001 2261 Hect.
1027 2229 1150 2262 Boeth.
1175 2231 1233 2263 lib.
1261 2239 1313 2263 vl.
1337 2242 1416 2275 pag.
1442 2241 1582 2264 XCVIII.

238 2278 339 2311 Alius
357 2284 409 2311 est
426 2280 469 2312 ab
485 2279 695 2322 Amphibalo
713 2280 853 2317 Culdeo,
871 2283 969 2326 cujus
986 2283 1078 2316 infra
1095 2285 1159 2318 hoc
1172 2286 1260 2319 libro
1274 2287 1414 2320 mentio.
1441 2287 1584 2329 Scripsit
