1861 2682
230 253 272 283 72
601 250 828 283 HISTORIA
852 249 1215 282 ECCLESIASTICA

231 344 429 387 apostolus3
457 342 556 376 testis
574 342 608 376 S.
628 342 876 380 Columannus,
899 342 960 385 qui
984 342 1127 374 eandem
1151 340 1322 384 evangelii
1341 339 1587 374 disseminandi

232 411 369 433 causam
397 399 526 437 obiens,
554 398 747 431 innumeris
774 397 906 442 vigiliis
927 401 961 429 et
984 396 1159 429 laboribus
1180 396 1395 439 perfunctus,
1418 399 1592 437 postremo

231 455 393 499 martyrii
411 455 561 498 palmam
580 454 725 496 adeptus
742 457 817 492 est3
845 454 943 486 testis
961 457 1013 485 est
1031 451 1212 484 Chilianus
1229 451 1364 493 primus
1388 450 1466 482 fidei
1491 450 1593 483 Chri-

231 512 364 544 stianae
382 521 504 554 praeco
522 510 558 542 in
576 510 640 542 hac
658 509 852 542 Franconia
869 513 999 545 nostra,
1017 517 1105 550 quae
1124 506 1344 539 sanctissimo
1361 506 1467 539 semel
1481 506 1591 549 ipsius

231 577 413 610 conspersa
430 570 464 599 et
482 566 629 610 irrigata
645 575 776 604 cruore,
798 564 966 597 foecunda
983 567 1017 595 et
1034 562 1159 595 fertilis
1176 566 1228 595 est
1245 562 1403 601 reddita3
1422 562 1522 595 testis
1535 563 1593 595 de-

231 623 346 665 nique,
365 622 534 655 sexcentis
552 621 628 654 aliis
646 620 785 658 relictis,
804 618 1005 652 Macharius
1027 621 1157 657 noster,
1182 618 1242 661 qui
1265 617 1413 662 gloriam
1437 616 1588 662 fugiens,

230 689 328 711 carae
350 678 478 711 oblitus
501 677 634 720 patriae
657 687 739 708 suae
762 675 798 707 in
822 675 932 717 ipsam
958 673 1106 718 gloriam
1123 673 1302 706 incurrit.”
1351 672 1484 706 Verum
1502 673 1588 716 quid

231 745 317 777 opus
343 733 512 777 pluribus,
539 742 616 764 cum
642 731 731 764 libro
752 731 828 775 jam
853 735 933 762 ante
957 729 1236 773 quinquennium
1263 729 1356 761 edito
1380 739 1506 761 novem
1538 739 1592 762 ra-

231 790 383 823 tionibus
409 788 615 821 firmissimis
640 787 816 830 probarim
842 785 999 829 Anglum
1029 795 1100 818 non
1128 784 1246 823 fuisse,
1277 785 1338 817 sed
1367 783 1519 823 Scotum,
1549 796 1592 818 ex

230 846 265 878 S.
285 845 456 882 Mariano,
475 848 509 876 et
527 852 596 876 xx.
616 843 694 876 aliis
707 842 723 875 ‚³
750 847 785 875 et
802 841 886 885 quid
900 841 916 873 ἶ)
944 851 1058 874 nonne
1081 839 1141 873 SS.
1167 840 1215 873 ibi
1238 839 1416 883 pontifices
1438 841 1592 879 maximi,

230 911 344 934 nonne
362 900 434 943 ipse
452 899 654 932 Bonifacius
673 909 708 932 se
726 897 867 931 Scotum
886 896 1034 930 scribit?
1061 901 1101 929 ut
1118 896 1290 935 omittam,
1308 906 1370 929 nec
1388 895 1432 929 R.
1452 896 1492 929 P.
1512 896 1593 930 cof-

230 957 360 994 fenum,
390 966 453 988 nec
482 956 593 988 ullum
623 965 687 998 pro
717 965 757 987 eo
787 954 900 986 adhuc
929 952 959 984 ei
990 952 1078 985 libro
1108 952 1336 995 respondisse,
1366 962 1445 985 cum
1475 957 1593 985 tamen

226 1013 398 1056 jactatum
423 1011 540 1049 fuerit,
567 1016 646 1044 ante
673 1020 825 1043 mensem
851 1020 922 1042 non
939 1007 1142 1041 defuturum
1159 1017 1376 1051 responsum.
1429 1007 1592 1041 Metellus

232 1067 475 1112 Tergersensis
493 1067 528 1100 in
548 1066 799 1104 Quirinalibus,
818 1069 919 1098 vetus
937 1075 1019 1097 sane
1036 1067 1137 1107 poeta
1152 1074 1161 1096 z

526 1128 692 1155 Recitantur
706 1136 790 1164 super
803 1127 855 1154 hac
868 1135 898 1154 re
911 1136 962 1154 sua
975 1126 1088 1163 scripta,

524 1174 600 1201 Data
614 1173 753 1210 quondam
767 1173 829 1205 tibi,
844 1172 956 1209 praesul
970 1172 1107 1205 Bonifaci,
1122 1172 1213 1205 Scote‚
1228 1177 1343 1210 martyr·

281 1231 508 1265 Nobilissimo
526 1235 623 1263 ortus
641 1240 767 1274 genere
788 1229 884 1262 dedit
906 1241 941 1262 se
964 1229 1131 1263 Mailroso
1153 1230 1227 1262 sive
1252 1229 1406 1263 Melroso
1431 1230 1593 1264 coenobio

232 1288 275 1320 D.
300 1288 479 1321 Benedicti
500 1287 672 1320 institutis
698 1285 929 1324 formandum,
954 1290 988 1318 et
1011 1285 1245 1330 quadraginta
1268 1286 1368 1318 annis
1393 1287 1475 1319 totis
1498 1298 1593 1330 pere-

231 1344 402 1389 grinatus,
420 1344 591 1386 martyrio
609 1346 792 1375 coronatus
810 1351 888 1373 cum
908 1349 976 1374 L11.
995 1341 1096 1374 sociis
1119 1341 1308 1379 monachis,
1332 1346 1373 1375 ut
1396 1341 1503 1375 refert
1523 1342 1592 1375 Ar-

231 1400 322 1433 nold.
342 1400 459 1432 Uvion
479 1399 538 1431 lib.
560 1406 601 1430 11.
629 1397 736 1442 Ligni
754 1396 827 1430 Vit.
852 1407 933 1441 pag.
952 1405 1072 1429 ch11.
1122 1395 1327 1429 Laudavere
1344 1398 1473 1440 passim
1491 1399 1593 1430 eccle-

232 1455 360 1489 siastici
380 1459 547 1492 auctoreS,
565 1454 755 1487 monachus
773 1452 1036 1497 Egolismensis,
1062 1463 1167 1495 quem
1191 1452 1257 1484 sibi
1276 1451 1437 1496 Rhegino
1457 1452 1593 1485 Prumi-

232 1511 322 1543 ensis
341 1511 522 1553 proposuit
540 1510 722 1548 edendum,
743 1509 852 1541 edidit
869 1507 1037 1541 Pithoeus
1060 1507 1098 1540 in
1120 1507 1206 1541 Vita
1230 1507 1345 1540 Caroli
1371 1507 1492 1552 Magni
1512 1518 1590 1553 pag.

234 1575 463 1599 ccxxxvnl.
492 1570 514 1586 ‘⁶
528 1565 674 1599 Sanctae
688 1565 873 1598 memoriae
887 1563 1088 1596 Bonifacius
1103 1562 1276 1606 martyr.''
1312 1563 1477 1596 Rabanus
1492 1563 1592 1597 Mau·

235 1633 293 1656 rus
312 1623 347 1655 in
367 1622 541 1656 Poematis
558 1632 670 1665 nuper
687 1633 707 1654 a
724 1619 975 1663 Christophoro
993 1619 1159 1652 Browero
1176 1619 1289 1658 editis,
1306 1630 1402 1652 num.
1421 1628 1491 1652 XX.

527 1691 592 1718 Non
607 1691 700 1718 minus
715 1690 845 1718 exultans
860 1690 980 1718 celebrat
995 1689 1148 1717 Germania
1162 1688 1268 1721 laudes,

566 1737 605 1764 Et
624 1737 758 1764 Bonifacii
773 1746 842 1774 opus
855 1735 986 1773 martyris
999 1735 1159 1763 almificum.

530 1783 654 1810 Ordinat
668 1783 743 1810 hunc
760 1783 856 1815 Roma,
870 1782 1015 1819 mittitque
1030 1780 1177 1808 Britannia
1190 1787 1279 1808 mater

564 1829 717 1857 Doctorem
733 1829 843 1866 populis
857 1828 908 1856 hoc
922 1827 1006 1855 decus
1020 1826 1160 1855 ecclesiae.

284 1903 488 1937 Franciscus
507 1901 734 1945 Maurolycus
752 1901 857 1934 abbas
878 1897 1034 1946 [scribit]
1054 1909 1131 1931 eum
1151 1897 1315 1941 Pipinum
1331 1898 1462 1932 Galliae
1476 1910 1591 1944 regem

235 1960 386 1997 unxisse,
399 1958 548 2000 Martyr.
563 1958 618 1990 die
632 1966 668 1990 V.
682 1957 705 1989 J
708 1957 791 1990 unii.
819 1956 884 1989 Sed
898 1955 985 1988 nihil
1000 1954 1111 1987 simile
1125 1954 1160 1987 in
1175 1954 1263 1987 aliis.
1302 1953 1392 1988 Vide
1406 1954 1592 1988 Flandriae

239 2011 472 2060 [scriptores]
505 2013 600 2045 Petr.
615 2012 787 2055 Cratepol.
803 2012 844 2044 de
857 2011 1020 2054 Episcop.
1036 2008 1198 2043 German.
1225 2009 1406 2043 Cornelius
1422 2010 1591 2054 Kempius

236 2069 461 2103 Doconiensis
480 2068 538 2101 lib.
558 2077 617 2100 111.
635 2068 677 2099 de
695 2067 832 2111 Origin.
847 2066 1040 2099 Frisiorum
1059 2076 1131 2108 cap.
1147 2074 1234 2098 xm.
1256 2074 1358 2098 xxu.
1378 2074 1498 2099 xxm.
1520 2066 1592 2099 Ha-

236 2126 348 2158 drian.
374 2123 537 2156 Barland.
572 2122 715 2155 Gerard.
731 2122 969 2166 Noviomagus
987 2122 1028 2154 de
1045 2121 1208 2165 Episcop.
1228 2121 1417 2166 Trajectin.
1456 2122 1588 2155 Anton-

237 2180 466 2214 Demochares
488 2184 571 2212 tom.
595 2187 638 2213 11.
660 2179 702 2211 de
723 2178 822 2211 Miss.
845 2177 965 2210 Sacris.
989 2188 1062 2221 cap.
1083 2186 1227 2212 XXXIV.
1252 2177 1295 2211 ab
1318 2178 1395 2210 aliis
1418 2177 1589 2215 dissentit,

236 2237 296 2281 qui
326 2244 426 2268 xvu.
455 2234 608 2279 Trajecti
637 2234 828 2267 antistitem
857 2233 951 2271 facit,
980 2244 1058 2266 cum
1081 2234 1158 2267 aliis
1182 2234 1227 2267 sit
1252 2242 1293 2267 11.
1343 2233 1590 2277 Apostolatum

237 2299 337 2336 poeta
354 2301 546 2335 anonymus
564 2292 612 2324 sic
629 2290 775 2324 celebrat
789 2301 797 2322 :
