1861 2682
583 272 755 305 GENTIS
780 272 1050 309 SCOTORUM,
1076 271 1162 303 LIB.
1184 272 1260 304 VII.
1548 273 1609 304 329

396 367 436 399 In
455 371 606 410 quatuor
623 365 819 411 Evangelia
1117 365 1175 398 lib.
1196 374 1248 398 IV.

393 422 583 455 conciones
603 423 716 455 varias
1117 422 1176 454 lib.
1197 430 1221 454 1.

302 479 464 512 Florebat
482 489 573 511 anno
593 487 771 511 mcccxx.
822 477 926 510 Hunc
943 477 1032 511 falso
1049 477 1159 522 Angli
1174 489 1277 510 suum
1291 478 1401 510 civem
1416 477 1559 516 faciunt,
1575 483 1605 510 et

249 535 444 567 Grimmum
465 534 608 567 ridicule
627 538 771 567 vocant:
799 534 835 566 iu
852 534 907 566 his
925 538 977 566 est
995 533 1244 578 ignavissimus
1264 533 1435 566 Pitsaeus.

554 643 861 677 BERNARDUS
886 643 1166 678 GORDONUS.
1219 643 1300 678 616.

247 757 498 790 BERNARDUS
525 755 720 795 Gordonus‚
750 757 869 789 doctor
894 757 1094 797 medicinae,
1126 769 1165 790 ac
1194 758 1406 791 clarissimus
1437 758 1607 801 Monpelii

247 813 431 856 professor,
452 824 521 856 quo
539 823 601 845 nec
618 812 806 845 doctiorem
826 813 1000 846 academia
1021 824 1061 846 ea
1083 824 1249 856 unquam,
1273 825 1335 847 uec
1357 813 1546 847 feliciorem
1571 816 1608 847 in

248 869 403 902 facienda
421 862 601 907 medicina,
618 873 658 901 ut
676 869 832 911 loquitur
850 868 1027 902 Paschalis
1046 868 1178 908 Gallus,
1196 881 1236 903 ea
1250 875 1344 903 aetas
1358 872 1450 904 tulit.
1494 870 1608 913 Scrip-

247 925 292 957 sit
310 926 462 968 plurima
478 936 486 957 :
514 926 551 958 in
569 925 635 963 his,

390 981 521 1013 Lilium
542 980 737 1013 Medicinae
1116 981 1175 1014 lib.
1196 991 1220 1014 1.

391 1037 657 1070 Antidotarium
1115 1038 1175 1071 lib.
1197 1046 1220 1070 1.

394 1091 589 1125 Vulnerum
608 1092 753 1126 Curatio
1118 1094 1178 1127 lib.
1199 1103 1224 1126 Ι.

392 1148 506 1181 Rarae
524 1150 560 1181 in
579 1148 803 1193 Chirurgiam
822 1148 1093 1183 Observationes
1112 1150 1173 1183 lib.
1195 1160 1220 1183 Ι.

392 1204 516 1237 Praxis
534 1204 750 1237 medicinalis
1109 1206 1167 1239 lib.
1188 1215 1224 1239 V.
1252 1217 1338 1250 opus
1365 1208 1510 1242 eruditis
1538 1210 1609 1242 lau-

440 1260 670 1293 datissimum.

293 1316 444 1350 Vivebat
462 1327 553 1349 anno
572 1324 628 1348 MC
634 1324 761 1348 Dxcu.

713 1411 864 1445 GILBE
870 1412 1009 1446 RTUS.
1062 1413 1142 1450 617.

247 1486 489 1523 G1LBERTUS,
509 1484 698 1517 monachus
717 1483 965 1518 Benedictinus
984 1485 1250 1526 Mailrosiensis,
1269 1494 1303 1521 et
1321 1489 1426 1523 abbas
1449 1491 1487 1523 in
1505 1488 1610 1534 Holy

248 1540 388 1579 Ilcmcle,
407 1552 467 1574 seu
487 1540 626 1573 Insulae
644 1540 778 1579 Sacrae,
803 1541 839 1573 in
863 1551 932 1584 qua
955 1542 1043 1575 nulli
1068 1553 1222 1586 unquam
1247 1544 1387 1579 abbates
1411 1546 1479 1579 nisi
1505 1547 1609 1586 Scoti,

247 1609 308 1631 nec
334 1597 505 1635 monachi,
531 1596 706 1639 pertinent
733 1598 824 1629 enim
852 1597 896 1629 ad
919 1599 1112 1631 antistitem
1139 1598 1472 1641 Sanctandreanum‚
1499 1609 1533 1636 et
1559 1611 1610 1637 est

248 1654 401 1687 Scoticae
427 1653 581 1691 ditionis,
616 1652 753 1695 fuitque
783 1663 928 1695 semper,
958 1658 998 1686 ut
1024 1655 1193 1693 nonnulli,
1220 1662 1415 1699 apostatam
1441 1658 1609 1693 Balaeum

247 1710 366 1747 secuti,
380 1708 538 1753 Anglum
552 1708 707 1741 fecerint.
746 1708 831 1741 Fuit
843 1708 888 1741 D.
904 1709 1076 1742 Bernardi
1090 1711 1182 1743 vitae
1200 1713 1385 1746 sanctitate
1403 1725 1610 1759 morumque

246 1766 419 1810 probitate
438 1764 606 1803 imitator,
626 1768 660 1796 et
678 1764 869 1798 admirator
892 1765 1051 1804 eximius,
1078 1767 1295 1809 eloquentiae
1320 1770 1424 1802 etiam
1448 1771 1609 1805 assiduus

247 1825 405 1855 sectator.
456 1819 604 1863 Scripsit

391 1876 434 1909 In
456 1876 524 1908 tria
542 1876 769 1909 Canticorum
796 1877 910 1920 capita
933 1878 1158 1911 suavissimos
1183 1884 1217 1912 et
1242 1881 1516 1925 elegantissimos
1539 1895 1608 1918 ser-

438 1942 556 1964 mones
574 1937 651 1965 octo
1070 1935 1129 1968 lib.
1150 1944 1174 1968 1.

295 1988 393 2021 Obiit
411 1998 502 2020 anno
521 1996 614 2021 MCC.
665 1988 812 2021 Arnold.
832 1988 949 2022 Uvion
967 1989 1026 2023 lib.
1047 1999 1071 2022 1.
1091 1990 1170 2036 Lig.
1190 1990 1293 2025 Vitae
1311 2004 1390 2038 pag.
1408 2003 1552 2029 XLVIII.

611 2099 770 2133 DAVID
796 2100 1116 2135 GUTHRAEUS.
1169 2101 1249 2136 618.

252 2212 386 2245 DAVID
402 2211 613 2249 Guthraeus,
631 2211 762 2256 insigni
780 2213 835 2244 vir
848 2213 1015 2252 doctrina,
1034 2213 1193 2249 Caesarei
1211 2217 1448 2261 pontificiique
1461 2219 1552 2263 juris
1571 2221 1606 2253 in

248 2273 409 2302 nascente
428 2267 603 2301 academia
619 2266 861 2301 Aberdonensi
880 2268 1064 2312 professor,
1082 2272 1223 2315 reliquit

391 2323 558 2356 Lecturas
576 2323 612 2355 in
629 2322 652 2354 J
655 2334 694 2356 us
714 2322 935 2357 Pontificium
1067 2327 1125 2359 lib.
1147 2336 1170 2359 1.
