1861 2682
308 253 371 283 304
677 255 906 287 HISTORIA
929 255 1293 289 ECCLESIASTICA

312 356 383 378 mes
402 345 436 379 S.
455 345 608 389 Eloquii,
632 357 709 379 cum
727 358 766 379 eo
784 347 884 386 vixit,
902 351 937 380 et
953 358 1032 380 cum
1054 359 1094 380 eo
1120 349 1313 391 praemium
1338 349 1467 383 laboris
1492 355 1667 386 aeternam

312 401 511 435 felicitatem
542 403 697 435 sortitus.
752 402 915 436 Molanus
940 403 977 435 in
1003 403 1202 443 Natalibus,
1232 409 1266 437 et
1297 415 1340 437 ex
1365 416 1405 438 eo
1431 404 1581 440 Ghinius
1610 417 1668 441 111.

313 457 474 491 Decemb.
492 469 572 503 pag.
591 467 703 491 XCIX.
730 463 751 477 “
768 458 940 502 Eloquius
958 460 1001 492 ad
1020 458 1213 492 Galliarum
1230 460 1350 493 littora
1367 462 1464 494 venit
1487 473 1565 495 cum
1590 474 1669 496 san-

312 513 375 546 ctis
393 514 557 554 Fursaeo,
576 514 745 553 Foillano,
764 514 904 553 Ultano‚
923 515 1082 553 Boethio,
1097 515 1286 555 Mombolo,
1301 515 1482 561 Adalgiso,
1499 517 1667 557 Hottone,

314 569 460 609 Helano,
480 570 645 609 Tresano,
665 570 849 610 Germano,
869 570 1019 610 Verano,
1045 575 1080 603 et
1097 571 1313 604 Columbano
1326 570 1359 611 ;''
1385 573 1508 606 deinde
1525 584 1587 616 per
1606 573 1667 608 Sa-

311 627 452 659 xoniam
490 631 524 660 et
562 626 710 659 Galliam
744 628 872 659 multas
902 626 977 660 Deo
1006 627 1140 659 animas
1170 627 1304 666 lucrati,
1335 628 1539 662 coenobium
1570 629 1668 663 Lati-

310 681 447 715 niacum
471 682 709 716 condiderunt.
760 681 834 714 Nec
856 683 898 715 de
922 682 1095 715 Germano
1121 684 1264 726 exploro
1289 685 1450 727 amplius,
1477 689 1512 718 et
1537 686 1669 730 conjec-

311 742 391 770 tura
411 742 462 771 est
485 739 600 781 ipsum
626 742 704 780 post
729 738 981 771 sanctissimam
1005 739 1319 783 peregrinationem
1345 740 1488 773 domum
1512 741 1666 781 rediisse,

308 793 425 836 ibique
455 794 645 838 migrasse3
681 804 761 826 nam
792 794 926 827 duobus
957 796 1085 829 sanctis
1117 794 1301 829 Germanis
1336 795 1458 836 Scotis,
1487 798 1665 840 oppidum,

309 850 458 888 ecclesia,
477 850 726 882 monasterium
743 850 781 882 in
799 849 913 883 Scotia
929 861 1000 883 non
1018 852 1120 895 longe
1138 851 1370 896 Edimburgo,
1393 863 1464 885 uno
1487 853 1628 886 milliari
1647 865 1667 887 a

309 904 459 944 Setonia,
487 906 670 947 dicantur3
700 905 781 938 huic
812 906 951 945 scilicet,
982 911 1016 940 et
1048 918 1243 951 synonymo
1271 907 1422 940 Gibirini
1453 907 1575 941 fratri:
1612 909 1668 942 hic

309 962 424 1005 imago
442 960 600 1006 Virginis
626 961 798 1005 Deiparae
823 962 1042 996 Lauretanae
1068 967 1102 996 et
1128 963 1360 996 Bethlemitae
1384 963 1516 997 cladem
1540 963 1668 1009 Angli-

310 1028 384 1050 cam
402 1017 514 1050 adhuc
532 1018 652 1060 spirat.

357 1073 492 1107 Claruit
508 1084 600 1107 anno
618 1082 721 1107 CCLI.
772 1073 909 1107 Colitur
927 1083 982 1107 IX.
1000 1074 1024 1107 J
1026 1075 1099 1108 ulii.

722 1185 756 1219 S.
784 1185 1114 1220 GAILBALDUS.
1143 1158 1250 1220 *564.

306 1298 341 1331 S.
369 1298 633 1332 GAILBALDUS
656 1309 717 1332 seu
742 1298 978 1332 Gowibaldus.
1029 1298 1153 1332 Arnol.
1181 1298 1299 1331 Uvion
1320 1298 1380 1331 lib.
1400 1306 1442 1331 11.
1466 1297 1544 1343 Lig.
1562 1297 1665 1332 Vitae

308 1366 382 1398 cap.
403 1363 471 1388 LII.
500 1360 520 1374 “
539 1355 744 1394 Monachus,
772 1359 806 1387 et
832 1355 1022 1398 discipulus
1049 1354 1083 1387 S.
1112 1354 1294 1393 Bonifacii,
1322 1354 1488 1398 martyris
1514 1354 1664 1400 Mogun-

305 1411 383 1450 tini,
407 1416 441 1444 et
461 1411 724 1444 Ratisbonensis
746 1411 879 1453 primus
905 1411 1096 1453 episeopus,
1123 1411 1252 1448 doctor,
1279 1415 1313 1443 et
1339 1410 1557 1453 praedicator
1582 1411 1665 1444 insi-

305 1467 395 1511 gnis,
418 1472 490 1499 tam
517 1467 698 1499 honestate
722 1477 858 1499 morum
882 1477 986 1510 quam
1010 1466 1153 1499 scientia
1178 1466 1432 1508 scripturarum
1456 1467 1664 1508 praeclarus,

307 1524 350 1555 ad
368 1523 549 1556 Christum
568 1524 696 1555 multos
715 1534 779 1555 sua
796 1522 1050 1565 praedicatione
1068 1522 1271 1555 convertit.”
1323 1521 1379 1554 Ita
1397 1521 1513 1555 Trith.
1532 1521 1591 1555 lib.
1612 1530 1663 1554 IV.

306 1578 382 1612 Vir.
401 1579 508 1612 illust.
523 1579 646 1611 Ordin.
666 1578 701 1611 S.
720 1578 901 1611 Benedicti
919 1589 993 1621 cap.
1011 1586 1131 1611 ccxx.
1165 1577 1279 1610 Addit
1295 1576 1319 1610 J
1321 1589 1448 1611 oannes
1466 1578 1663 1616 Fordunus,

306 1645 349 1668 ex
375 1639 397 1654 “
415 1635 577 1668 coenobio
600 1634 821 1667 Mailrosensi
845 1644 925 1666 eum
947 1645 967 1666 a
990 1633 1173 1667 Bonifacio
1198 1638 1381 1667 evocatum
1405 1633 1603 1667 incubuisse
1627 1635 1664 1666 in

306 1692 474 1737 evangelii
494 1690 803 1724 enunciationem.”
854 1689 1000 1732 Scripsit

450 1748 504 1780 De
522 1747 780 1780 Constitutione
798 1757 879 1779 suae
897 1745 1072 1779 Ecclesiae
1266 1746 1326 1778 lib.
1348 1754 1371 1778 Ι.

448 1804 626 1847 Epistolas
644 1803 687 1836 ad
705 1802 929 1835 Bonifacium·
944 1803 1151 1847 magistrum
1266 1802 1325 1834 lib.
1347 1810 1370 1833 1.

449 1860 621 1894 Homilias
1266 1858 1325 1890 lib.
1347 1866 1370 1889 Ι.

351 1917 488 1951 Floruit
505 1927 597 1950 anno
615 1924 821 1949 DceLxxx.

745 2027 780 2060 S.
808 2025 1082 2059 GOBBANUS.
1134 2024 1214 2058 565.

303 2148 322 2161 ‘⁶
341 2142 375 2175 S.
394 2142 615 2180 FURSAEUS,
637 2140 777 2183 cupiens
795 2149 830 2172 se
848 2139 891 2172 ab
908 2138 1068 2172 omnibus
1086 2137 1192 2171 seculi
1209 2137 1326 2182 hujus,
1344 2141 1378 2170 et
1395 2137 1504 2180 ipsius
1522 2148 1659 2181 quoque

302 2199 503 2232 monasterii
522 2197 671 2242 negotiis
690 2197 849 2235 alienare,
874 2195 1014 2238 reliquit
1038 2194 1240 2227 monasterii
1258 2198 1292 2226 et
1318 2193 1513 2227 animarum
1540 2204 1658 2226 curam

301 2254 402 2288 fratri
417 2265 480 2287 suo
493 2254 655 2292 Fullano,
671 2257 705 2285 et
723 2251 934 2296 presbyteris
952 2250 1120 2284 Gobbano
1137 2255 1171 2284 et
1188 2249 1336 2289 Dicullo,
1355 2254 1389 2283 et
1402 2251 1475 2293 ipse
1493 2250 1536 2283 ab
1549 2250 1657 2282 omni-

299 2312 364 2345 bus
381 2311 503 2344 mundi
521 2310 624 2344 rebus
641 2309 729 2342 liber
746 2309 782 2341 in
805 2308 1044 2341 anachoretica
1067 2306 1327 2340 conversatione
1345 2307 1454 2339 vitam
1472 2306 1571 2339 finire
1589 2306 1657 2338 dis-
