1861 2682
256 231 318 260 214
633 231 857 263 HISTORIA
882 232 1243 265 ECCLESIASTICA

256 322 402 355 ‚Ioannis
425 322 557 355 Leslaei
576 323 634 355 lib.
654 331 690 355 V.
712 323 805 355 Hist.
825 323 914 355 Scot.
938 334 1016 366 pag.
1036 332 1174 356 CXCIII.
1219 324 1340 367 Pergit
1357 328 1431 356 tum
1450 325 1539 357 idem
1558 326 1611 358 hi‘

257 378 404 411 storicus
422 389 573 415 narrare,
600 378 711 410 caedis
738 382 893 410 auctores
920 378 1097 419 suppliciis
1123 377 1272 415 affectos,
1299 379 1396 420 prius
1422 383 1537 411 tamen
1563 381 1611 412 lo-

257 444 345 471 cum,
364 434 400 465 in
417 444 486 476 quo
503 433 674 465 demortui
692 433 783 474 regis
795 442 924 478 corpus
943 432 1157 468 abdiderant,
1184 432 1335 464 indicare
1353 439 1507 473 coactos;
1536 439 1610 467 tum

257 488 374 521 subdit
391 489 448 520 ille
463 498 470 520 :
502 498 636 530 corpus,
654 487 746 529 quod
764 486 1010 522 occultabatur,
1034 490 1209 528 repertum
1234 491 1254 505 “
1271 497 1315 519 ex
1333 489 1426 520 omni
1444 494 1542 531 parte
1561 491 1610 522 in-

257 550 407 588 tegrum,
444 544 493 576 ita
527 548 567 575 ut
596 553 657 575 nec
686 541 813 574 vermis
841 552 978 573 carnem
1007 542 1168 579 exederit,
1199 553 1260 575 nec
1293 547 1430 585 tempus
1464 544 1610 578 formam

256 599 432 637 deleverit,
451 610 513 631 nec
530 600 624 631 locus
643 598 788 629 colorem
807 595 999 629 infuscarit.
1047 596 1112 629 Illa
1129 598 1281 639 primum
1300 599 1371 631 dies
1390 600 1611 633 densissimas

255 655 374 693 nubes,
393 655 518 697 quibus
536 655 667 686 coelum
685 652 753 684 fuit
771 652 968 690 obductum,
987 652 1141 694 dispulit,
1156 654 1330 696 solemque
1344 655 1510 687 reduxit.''
1545 655 1612 688 Ac-

255 712 356 743 cessit
382 711 502 753 ingens
529 709 743 746 miraculum,
770 718 850 740 nam
876 709 981 746 locus,
1007 708 1066 740 ubi
1093 713 1250 741 sanctum
1276 720 1400 751 corpus
1426 710 1610 753 abjectum,

255 766 368 797 media
397 765 520 802 hieme,
549 768 765 808 repugnante
790 768 924 802 natura,
951 764 1010 796 sed
1031 764 1176 807 jubente
1201 768 1345 797 naturae
1371 764 1532 804 Domino,
1561 771 1611 799 to-

256 826 380 863 tusque
398 830 539 862 campus
558 819 692 851 vicinus
717 818 884 858 effloruit;
911 819 1002 851 unde
1028 819 1058 851 ei
1084 830 1210 852 nomen
1232 819 1368 858 Kilflos,
1392 824 1426 852 et
1451 826 1611 863 corrupte

256 876 378 914 Ksslos,
405 877 441 908 in
467 875 629 908 Moravia
654 874 782 907 celebre
808 875 1055 907 monasterium
1087 874 1380 912 cisterciensium,
1408 879 1447 907 ut
1472 875 1559 907 libro
1586 885 1610 908 1.

255 931 425 974 Apparat.
446 930 540 964 Hist.
560 930 651 964 Scot.
671 941 743 973 cap.
763 938 828 962 XV.
855 930 1050 972 probatum.
1079 930 1180 962 Hect.
1199 930 1322 963 Boeth.
1342 930 1401 963 lib.
1421 939 1477 962 XI.
1504 931 1612 964 Scoti-

255 987 439 1020 chronicon
457 988 518 1020 lib.
536 995 624 1020 V111.
643 997 716 1029 cap.
737 994 834 1017 XXV.
884 986 993 1018 Porro
1016 986 1050 1018 S.
1074 985 1168 1018 Duffi
1186 996 1308 1028 corpus
1326 987 1399 1018 loco
1418 986 1468 1018 illi
1487 997 1611 1019 nomen

254 1043 335 1076 fecit
354 1043 453 1075 annis
471 1051 686 1076 ccxxxssx.
705 1042 907 1084 priusquam
926 1042 1174 1073 monasterium
1192 1042 1420 1074 conderetur:
1446 1047 1486 1074 ut
1504 1042 1611 1075 falsus

256 1098 361 1131 fuerit
387 1099 423 1131 in
447 1110 537 1131 anno
560 1097 774 1131 fundationis
801 1096 959 1139 Rogerus
987 1096 1197 1129 Hovedenus
1223 1096 1351 1129 Annal.
1379 1108 1453 1140 par.
1481 1107 1504 1130 1.
1531 1109 1609 1141 pag.

257 1163 449 1187 ccrxxxr
501 1153 646 1196 Scripsit
663 1158 779 1185 autem
797 1162 859 1184 rex
876 1153 940 1184 iste

398 1209 452 1242 De
470 1209 558 1242 bono
576 1208 760 1252 Regimine
1173 1207 1231 1240 lib.
1252 1217 1276 1240 1.

400 1264 526 1297 Edicta
543 1264 586 1296 ad
604 1263 746 1296 Thanos
1171 1263 1230 1294 lib.
1250 1272 1274 1294 Ι.

304 1321 431 1354 Passus
449 1325 500 1353 est
517 1331 580 1362 pro
594 1320 733 1363 justitia
751 1331 841 1352 anno
860 1326 1117 1352 DCCCCLXXH.
1170 1317 1253 1350 Dies
1271 1322 1322 1350 est
1341 1318 1503 1351 incertus.

655 1430 690 1463 S.
717 1429 1076 1463 DARDULACHA.
1129 1431 1209 1465 391.

258 1544 292 1576 S.
320 1544 617 1581 DARDULACHA,
645 1543 744 1586 virgo
770 1542 881 1579 Scota,
907 1545 941 1573 et
966 1541 1147 1584 peregrina
1172 1541 1209 1572 in
1234 1540 1421 1573 Germania
1446 1542 1609 1580 excessit;

258 1610 364 1638 soror,
383 1604 422 1632 ut
440 1599 610 1637 existimo,
630 1597 689 1630 SS.
714 1597 910 1630 Gunifortis
934 1601 967 1629 et
990 1595 1188 1633 Gunibaldi‚
1212 1600 1253 1628 ut
1270 1606 1312 1627 ex
1330 1606 1447 1628 eorum
1466 1596 1611 1629 historia

261 1656 395 1699 colligo,
413 1665 517 1698 quam
535 1654 638 1686 habet
656 1654 890 1685 sanctuarium
910 1652 1054 1694 Papiae:
1083 1656 1258 1694 utcunque
1275 1651 1331 1688 sit,
1354 1651 1437 1683 haec
1460 1652 1611 1683 maximo

259 1711 451 1744 devotionis
470 1710 593 1742 affectu
613 1709 738 1741 colitur
755 1708 946 1751 Frisingae,
969 1711 1009 1739 ut
1027 1717 1069 1739 ex
1087 1706 1268 1739 Breviario
1293 1706 1509 1750 Frisingensi
1534 1717 1612 1739 con-

259 1772 329 1800 stat
344 1777 352 1804 ;
380 1766 510 1797 frustra
527 1765 583 1796 hic
600 1765 725 1806 stipem
742 1768 857 1805 captat
876 1762 1078 1794 Hirlandus.

308 1822 422 1854 Scotia
445 1821 590 1853 excessit
616 1831 693 1851 cum
715 1818 880 1851 fratribus
906 1818 1039 1850 duobus
1066 1822 1100 1850 et
1124 1828 1194 1849 una
1220 1827 1334 1849 sorore
1360 1827 1416 1849 an.
1442 1825 1609 1850 ccccxx.

260 1878 395 1910 Colitur
412 1877 465 1909 die
486 1885 508 1908 1.
528 1874 720 1913 Februarii,
739 1885 780 1906 ex
799 1874 995 1906 auctoribus
1013 1873 1172 1905 laudatis.

768 1984 970 2017 DANIEL.
1022 1986 1102 2019 392.

262 2102 437 2138 DANOEL,
473 2098 724 2132 Carthusianus
759 2102 902 2139 martyr,
945 2106 1063 2128 everso
1101 2096 1263 2128 coenobio
1302 2094 1487 2133 Perthano,
1521 2096 1612 2138 quod

261 2155 639 2200 magnificentissimum
682 2153 719 2185 in
760 2151 858 2185 Valle
900 2151 1051 2184 Virtutis
1098 2152 1252 2184 extruxit
1286 2150 1435 2183 Jacobus
1470 2150 1497 2182 Ι.
1540 2161 1611 2188 rex,

261 2223 336 2245 cum
380 2211 580 2243 ferocientes
624 2208 811 2242 haereticos
854 2208 887 2239 vi
931 2207 1024 2240 verbi
1068 2207 1178 2239 divini
1221 2208 1419 2240 admoneret
1460 2206 1612 2244 liberius,

261 2269 297 2300 in
327 2268 452 2311 ignem,
483 2266 542 2308 qui
569 2266 685 2298 aedem
712 2274 843 2297 sacram
871 2263 1062 2301 hauriebat,
1088 2273 1249 2305 praeceps
1275 2263 1402 2300 datus3
1430 2267 1503 2295 tum
1535 2272 1612 2294 cum
