1861 2682
331 221 393 250 288
701 220 928 253 HISTORIA
952 220 1316 252 ECCLESIASTICA

475 312 544 345 Pro
562 312 776 346 Monasterio
793 323 856 345 suo
1056 311 1116 344 lib.
1135 320 1161 345 Ι.
1180 312 1236 344 cui
1252 310 1437 356 privilegia
1453 314 1489 343 et
1505 310 1682 343 confirma-

527 369 655 401 tionem
673 378 693 400 a
711 367 899 400 Benedicto
916 365 1000 400 VII.
1019 366 1234 410 impetravit.

380 424 568 467 Depositus
593 428 645 457 est
670 434 760 456 anno
784 430 1016 455 DCCCXXCII.
1041 423 1097 455 vel
1122 427 1261 456 centum
1288 422 1388 455 annis
1414 421 1536 461 serius,
1563 427 1601 454 ut
1628 423 1686 455 alii

332 480 497 513 scribunt.
549 478 686 513 Colitur
704 487 804 511 XXX.
824 477 970 520 Aprilis.

718 589 752 623 S.
780 587 1164 622 FRITHWALDUS.
1217 592 1298 623 524.

331 704 365 737 S.
385 704 687 736 FRITHWALDUS
704 701 838 739 Scotus‚
856 701 1035 744 episcopus
1054 700 1229 734 Candidae
1252 700 1372 740 Casae,
1397 711 1485 744 quae
1508 706 1542 734 et
1565 702 1599 734 S.
1623 701 1685 734 Ni-

329 760 435 798 niani,
453 769 513 791 seu
532 758 567 791 S.
586 758 724 796 Nimae,
745 760 777 790 et
796 768 816 789 a
834 756 1034 789 Ptolomaeo
1060 754 1266 790 Λευκοπιδεία
1290 757 1392 790 dicta.
1440 755 1542 790 Vixit
1568 762 1683 790 autem

329 814 450 848 florido
478 815 536 847 illo
566 818 601 847 et
626 817 824 846 sanctorum
852 812 964 845 ferace
992 813 1116 851 seculo,
1147 818 1286 846 centum
1315 813 1445 846 scilicet
1475 812 1574 845 annis
1603 818 1682 846 ante

328 871 500 903 excidium
524 869 715 908 Pictorum,
741 869 782 901 de
806 879 874 912 quo
898 868 1042 901 delendo
1066 870 1178 902 multa
1201 869 1422 908 vaticinatus,
1450 879 1538 911 quae
1564 872 1683 911 postea

327 930 528 960 evenerunt.
571 925 720 968 Reperio
737 935 816 958 eum
835 924 878 957 ab
896 923 1041 957 Ethfino
1059 935 1139 969 rege
1153 925 1197 958 ad
1213 925 1328 958 Pictos
1343 929 1516 958 oratorem
1529 924 1684 962 missum,

327 983 386 1025 qui
404 993 484 1015 rara
500 993 540 1015 ea
559 985 670 1015 aetate
687 980 859 1019 facundia,
878 984 913 1013 et
929 981 1039 1024 gratis
1064 981 1107 1013 ad
1131 980 1247 1014 Deum
1270 980 1442 1024 precibus,
1468 979 1685 1024 ferventique

322 1040 468 1083 jejunio,
488 1042 523 1072 et
539 1038 657 1071 crebra
675 1037 827 1081 corporis
845 1037 1087 1077 maceratione,
1107 1037 1236 1070 bellum
1250 1041 1361 1076 atrox,
1378 1037 1472 1080 quod
1485 1036 1683 1080 parabatur,

326 1095 472 1128 distulit.
524 1093 669 1136 Scripsit

469 1151 528 1184 Ad
546 1151 699 1189 Unnust,
717 1149 896 1183 Pictorum
914 1149 1057 1194 Regem,
1136 1149 1195 1182 lib.
1215 1158 1240 1182 1.
1276 1149 1381 1183 Hunc
1394 1160 1415 1183 a
1426 1148 1555 1182 nostris
1570 1145 1682 1180 Hun-

518 1217 608 1251 gum
625 1207 693 1238 dici
710 1206 883 1238 existimo.

471 1263 609 1296 Laudes
626 1261 784 1306 Virginis
802 1261 973 1304 Deiparae
1135 1260 1195 1294 lib.
1216 1269 1240 1293 1.

374 1319 562 1362 Depositus
580 1322 632 1351 est
650 1328 741 1350 anno
760 1325 950 1350 DCCLXIV.
994 1315 1151 1350 Tabulae
1169 1315 1455 1355 Gallovidienses,
1473 1319 1508 1349 et
1526 1314 1683 1348 Hovede-

327 1387 392 1409 nus
410 1386 488 1408 cum
508 1374 691 1407 Francisco
711 1372 893 1406 Godwino.

674 1483 935 1518 FENTRIAE
962 1483 1200 1518 DOMINUS.
1253 1486 1333 1516 525.

327 1601 508 1634 MARTYR
526 1598 701 1637 Graimus,
720 1598 884 1630 Fentriae
907 1596 1083 1640 toparcha,
1107 1606 1186 1629 cum
1203 1595 1447 1629 ardentissimo
1464 1596 1538 1628 zelo
1559 1595 1684 1629 Catho-

326 1657 424 1690 licam
445 1656 547 1689 fidem
565 1658 798 1700 promoveret,
817 1664 838 1686 a
855 1652 1028 1685 Sathanae
1045 1652 1217 1685 ministris
1235 1651 1495 1685 criminationes
1517 1651 1685 1690 subditae,

326 1713 453 1756 quibus
471 1712 527 1745 vir
543 1711 670 1744 nobilis
690 1714 724 1743 et
737 1710 912 1748 innocens,
930 1708 1033 1741 alieni
1046 1708 1202 1741 criminis
1215 1708 1449 1746 insimulatus,
1466 1718 1530 1751 pro
1544 1707 1685 1741 Christo

327 1769 476 1802 cervices
495 1768 599 1806 dedit,
618 1778 657 1800 ac
675 1768 786 1799 laetus
807 1765 845 1798 in
870 1766 1003 1798 coelum
1028 1764 1191 1803 evolavit,
1214 1763 1398 1808 glandibus
1421 1763 1592 1807 plumbeis
1615 1768 1685 1797 tra-

322 1826 447 1869 jectus,
466 1829 500 1857 et
518 1824 606 1857 mari
625 1823 811 1856 demersus.
863 1820 1041 1854 Gilbertus
1059 1820 1202 1854 Brunus
1220 1821 1258 1852 in
1275 1819 1454 1853 Analectis
1472 1830 1550 1864 pag.
1571 1829 1595 1852 1.

377 1881 411 1914 N
414 1892 451 1914 ec
484 1892 615 1915 annum
648 1890 710 1913 nec
743 1879 835 1912 diem
868 1877 991 1921 reperi,
1033 1877 1094 1910 sed
1127 1876 1272 1920 conjicio
1305 1886 1396 1909 anno
1432 1884 1610 1909 MDX0111.
1651 1876 1685 1909 id

326 1937 468 1971 factum.

789 2044 1080 2080 FORBASSUS.
1132 2043 1212 2078 526.

326 2161 372 2194 N.
409 2161 643 2197 FORBASSUS,
678 2158 890 2192 vicecomitis
932 2158 1024 2201 apud
1058 2157 1277 2201 aquilonares
1320 2157 1357 2189 in
1391 2156 1573 2190 Buchania
1606 2157 1686 2190 Sco-

326 2223 380 2250 tos
419 2216 651 2260 potentissimi
693 2215 784 2248 filius
823 2226 861 2248 ac
901 2214 1032 2253 haeres,
1075 2214 1111 2247 in
1152 2214 1286 2247 haeresi
1319 2214 1495 2251 educatus,
1533 2224 1554 2245 a
1588 2218 1685 2256 patre

326 2274 477 2317 quodam
507 2272 748 2311 Franciscano,
778 2272 950 2304 medicum
981 2271 1177 2309 simulante,
1207 2275 1242 2303 et
1270 2270 1315 2303 ad
1345 2274 1526 2314 aegrotum
1557 2269 1682 2302 admis-
