1861 2682
578 244 747 277 GENTIS
772 240 1040 277 SCOTORUM‚
1065 240 1151 271 LIB.
1175 239 1230 270 IV.
1523 239 1582 266 215

233 338 304 377 diu,
326 339 407 371 solis
425 338 545 375 instar,
564 337 600 368 in
618 336 738 368 mediis
761 333 908 367 flammis
931 333 1124 371 effulsisset,
1150 331 1261 374 longis
1283 329 1392 362 contis
1417 333 1450 360 et
1474 329 1582 360 hastis

233 393 455 430 transfossus,
473 392 594 434 pietati
613 391 784 434 majorum
803 400 925 422 aureae
943 389 978 420 in
997 389 1138 420 exilium
1158 387 1314 419 abiturae
1337 385 1506 428 sanguine
1524 394 1582 425 pa-

232 449 394 487 rentavit,
415 453 485 480 tam
503 452 621 480 sancto
639 447 758 478 ordine
775 445 1010 489 dignissimus.
1069 443 1214 475 Gilbert.
1236 441 1389 474 Brunus.

281 503 493 545 Martyrium
515 513 637 546 passus
662 502 697 533 in
724 500 820 533 Valle
837 499 1018 532 Virtutum
1044 509 1135 531 anno
1163 505 1309 529 MDLIX.
1336 507 1451 528 mense
1478 494 1582 531 Maio,

232 559 287 590 die
304 559 445 590 incerto.

606 667 764 701 DAVID
790 665 1075 699 DUGLASIUS.
1129 660 1208 701 393.

233 779 367 812 DAVID
386 779 586 824 Duglasius,
605 780 710 812 nobili
730 780 802 811 loco
820 783 932 815 natus,
951 777 1064 819 patria
1077 787 1149 814 sua,
1164 780 1304 818 propter
1319 775 1431 812 fidem,
1447 785 1466 806 a
1480 778 1586 806 secta-

234 835 294 868 riis
322 842 473 873 exactus,
498 835 657 867 Jezabele
683 835 877 878 Anglicana
902 833 1046 877 jubente
1072 831 1221 864 Eboraci
1250 835 1402 868 necatur,
1432 840 1494 861 nec
1520 830 1586 862 alia

232 902 333 923 causa
352 891 474 928 caedis,
492 902 596 933 quam
614 891 695 932 qnia
714 891 768 922 vir
785 889 911 931 probus
930 888 1063 926 scotus,
1088 892 1122 919 et
1147 886 1356 923 Catholicus‚
1380 886 1472 928 quod
1496 886 1587 928 apud

233 947 376 989 impiam
395 946 531 978 Calvini
550 947 698 978 catulam
719 945 868 988 ingentis
887 944 998 976 instar
1016 942 1152 986 flagitii.
1203 942 1350 974 Gilbert.
1372 941 1524 973 Brunus.

283 1002 408 1034 Passus
427 1007 478 1034 est
497 1012 586 1033 auno
607 1009 795 1033 MDLXXV.
815 1000 868 1031 die
888 1007 1007 1030 xxnI.
1026 997 1206 1030 Deeembr.
1245 996 1380 1029 Extant
1395 1002 1469 1029 acta
1483 1008 1503 1028 a
1518 1007 1587 1029 mo-

232 1057 340 1089 nacho
359 1057 586 1089 Benedictino
603 1056 722 1099 Anglo
740 1056 877 1098 scripta.

560 1166 780 1199 GAVINUS
806 1165 1129 1199 DUMBARRUS.
1182 1169 1262 1203 394.

235 1278 417 1310 GAVINUS
455 1277 684 1315 Dumbarrus,
732 1288 858 1320 magna
899 1278 1065 1310 comitum
1108 1278 1283 1310 Merchiae
1321 1278 1428 1320 stirpe
1471 1279 1588 1311 oriun-

233 1334 308 1372 dus,
352 1344 394 1365 ex
433 1333 673 1365 archidiacono
709 1332 989 1364 Sanctandreano
1023 1333 1134 1365 faetus
1169 1338 1318 1372 senator,
1355 1345 1397 1366 ex
1431 1339 1589 1367 senatore

232 1389 411 1431 episcopus
446 1388 716 1426 Aberdonensis,
759 1388 812 1419 vir
854 1388 946 1419 vitae
985 1388 1221 1427 admirabilis3
1265 1400 1345 1421 nain
1384 1391 1484 1431 plura
1519 1391 1589 1432 pie-

234 1444 316 1476 tatis
350 1444 459 1476 officia
492 1445 585 1476 solus
619 1443 769 1486 reliquit,
804 1454 907 1486 quam
937 1455 1054 1476 omnes
1083 1444 1233 1486 episcopi
1263 1445 1466 1477 decessores.
1519 1445 1588 1477 Xe·

235 1500 444 1532 nodochium
493 1508 564 1531 XII.
607 1499 815 1541 pauperibus
858 1504 1063 1542 perpetuum
1106 1501 1248 1538 alendis,
1291 1512 1395 1533 censu
1437 1502 1590 1545 assigna-

235 1560 281 1593 to,
315 1555 448 1593 erexit3
475 1554 585 1587 Deam
612 1554 769 1592 fluvium,
799 1556 858 1598 qui
884 1566 1008 1587 novam
1036 1556 1155 1588 urbem
1185 1556 1294 1595 alluit,
1327 1562 1429 1599 ponte
1456 1558 1590 1600 lapideo

234 1610 587 1654 magnificentissimo,
618 1610 733 1642 decem
768 1622 921 1649 arcuum,
958 1612 1105 1650 stravit3
1141 1622 1266 1643 novam
1302 1614 1417 1645 aedem
1453 1614 1591 1646 inchoa-

234 1671 304 1698 tam
324 1666 473 1698 absolvit
498 1665 533 1697 S.
559 1665 739 1698 Machorio
764 1677 906 1704 sacram,
933 1667 1018 1698 duas
1045 1667 1241 1709 pyramides
1267 1669 1474 1701 editissimas
1500 1670 1591 1713 adje-

233 1722 303 1760 cit;
338 1721 507 1763 palatium
540 1721 731 1764 episcopale
766 1722 800 1753 in
836 1733 910 1754 eam
941 1722 1147 1765 elegantiam
1180 1733 1199 1754 a
1232 1722 1466 1755 fundamentis
1501 1726 1591 1757 exci-

234 1777 334 1815 tavit,
352 1781 392 1808 ut
410 1787 473 1819 par
492 1777 526 1809 in
547 1776 691 1819 Europa
718 1778 776 1809 vix
802 1777 964 1815 haberet3
992 1776 1204 1810 Dalmaticos
1228 1779 1358 1816 calices,
1382 1790 1424 1811 ex
1448 1784 1590 1823 argento

236 1843 388 1874 auroque
407 1833 594 1874 purissimo
612 1833 834 1875 conquisitos,
856 1832 1048 1864 incredibili
1072 1832 1188 1864 labore
1212 1839 1246 1866 et
1269 1839 1411 1876 sumptu
1437 1846 1457 1867 a
1481 1840 1590 1868 trans—

235 1888 378 1920 marinis
418 1888 569 1926 advexit,
606 1889 907 1931 consecravitque3
951 1888 1099 1929 denique
1141 1899 1218 1920 eum
1262 1890 1399 1922 aliunde
1438 1891 1590 1928 haberet,

236 1954 304 1985 quo
338 1954 373 1974 se
411 1942 647 1985 familiamque
681 1949 902 1982 sustentaret,
944 1954 987 1975 ne
1022 1954 1132 1975 assem
1168 1945 1309 1986 quidem
1344 1945 1513 1978 Caianuin
1549 1957 1591 1978 ex

237 2003 310 2030 toto
342 1998 400 2030 illo
431 1999 593 2040 opulento
625 2000 787 2042 episcopii
818 2004 989 2042 proventu
1018 1999 1055 2031 in
1082 2011 1156 2032 rem
1187 2011 1284 2032 suam
1316 2003 1497 2040 convertit,
1531 2003 1589 2034 sed

237 2053 401 2096 quicquid
420 2053 473 2085 his
492 2053 610 2085 officiis
628 2055 810 2096 superfuit,
824 2055 860 2086 in
875 2066 1042 2097 pauperes
1057 2060 1108 2088 est
1123 2056 1299 2099 elargitus.
1335 2056 1429 2089 Eum
1444 2062 1464 2075 ‘⁶
1477 2059 1589 2090 virum

237 2109 344 2151 pium,
376 2109 563 2150 apostolico
594 2110 720 2151 spiritu
751 2109 914 2148 afflatum,
942 2115 975 2142 et
1006 2111 1120 2143 virum
1147 2112 1336 2150 divinum,”
1363 2119 1462 2145 vocat
1487 2113 1588 2146 Joan.

238 2164 401 2196 Leslaeus
425 2164 483 2196 lib.
504 2173 558 2196 lx.
583 2175 661 2208 pag.
681 2174 818 2197 cccxc.
873 2165 967 2198 Ante
985 2167 1116 2209 aliquot
1143 2178 1261 2205 annos,
1288 2179 1365 2200 cum
1389 2180 1590 2202 monumen-

238 2224 273 2251 ta
299 2219 518 2252 reficerentur
548 2220 707 2252 ecclesiae
738 2221 938 2263 episcopalis
970 2232 1061 2260 suae,
1094 2233 1218 2265 corpus
1244 2224 1351 2265 ipsius
1382 2235 1458 2256 cum
1487 2225 1590 2257 vesti-

237 2275 362 2307 mentis
381 2275 560 2313 intactum,
581 2276 748 2313 vividum,
768 2277 858 2308 succi
877 2282 911 2308 et
936 2277 1116 2321 sanguinis
1142 2279 1295 2320 plenum,
1322 2279 1494 2318 haeretici,
1521 2291 1589 2312 nou

876 2333 896 2362 2
916 2339 939 2362 F
