1861 2682
612 284 784 316 GENTIS
806 282 1076 322 SCOTORUM,
1101 282 1187 315 LIB.
1212 283 1238 315 1.
1568 284 1608 315 47

294 378 430 423 Scripta
447 379 490 412 ab
507 388 546 411 eo
562 388 570 410 z

389 435 554 478 Epitome
572 433 750 466 Historiae
768 431 990 465 Britannicae
1207 432 1266 466 lib.
1287 440 1330 465 11.

390 490 474 524 Vita
492 489 527 523 S.
546 489 728 523 Bertellini
748 488 925 521 Eremitae
1208 488 1268 521 lib.
1288 497 1313 521 1.

390 545 475 579 Vita
491 545 526 579 S.
545 545 747 589 Cunigundi
766 543 945 577 Eremitae
1209 544 1269 577 lib.
1290 552 1314 577 1.

390 601 443 634 De
463 601 569 634 sacris
587 600 719 633 Diebus
1208 599 1267 632 lib.
1288 608 1313 633 1.

390 656 555 690 Carmina
573 667 669 689 sacra
1211 655 1271 688 lib.
1291 664 1315 688 Ι.

389 711 569 755 Epistolae
1209 711 1268 744 lib.
1288 719 1330 744 11.

391 766 531 800 Patriae
549 766 736 800 Calamitas
1212 766 1271 800 lib.
1291 775 1316 799 Ι.

294 823 432 857 Floruit
449 833 539 856 anno
559 831 734 857 mcceLx.

728 918 764 952 S.
788 916 1014 951 AGATHA.
1068 919 1124 954 74.

245 992 281 1025 S.
298 991 488 1030 AGATHA‚
506 990 540 1024 S.
555 990 749 1024 Salomonis
765 989 857 1034 regis
872 989 953 1029 filia,
971 988 1116 1023 Sanctae
1135 989 1358 1035 Margaretae
1376 989 1516 1034 reginae
1529 1000 1600 1023 ma·

245 1053 309 1086 ter,
326 1057 403 1080 cum
422 1047 492 1080 filio
511 1046 653 1091 Edgaro
670 1056 750 1091 rege
767 1044 916 1089 fugiens,
941 1056 961 1077 a
986 1045 1171 1079 Malcolmo
1194 1045 1328 1079 scotiae
1345 1056 1426 1090 rege
1443 1046 1602 1079 humani-

244 1108 299 1135 ter
315 1106 458 1144 excepta
474 1102 659 1134 monialem
677 1100 803 1139 induit,
821 1104 856 1132 et
873 1110 951 1132 cum
968 1111 1096 1145 magna
1113 1102 1307 1135 sanctitatis
1326 1102 1487 1145 opinione
1500 1101 1600 1134 vixit.

244 1156 303 1190 Ex
319 1156 478 1189 Historia
491 1156 635 1195 Scotica‚
648 1155 796 1189 Arnold.
811 1154 929 1188 Uvion
942 1155 1002 1188 lib.
1018 1165 1069 1189 1v.
1089 1156 1192 1202 Lign.
1207 1157 1312 1191 Vitae
1325 1168 1399 1201 cap.
1415 1166 1483 1190 XV.
1503 1156 1603 1190 Hun-

245 1212 378 1244 tindon.
405 1210 630 1243 Malmesbur.
657 1210 818 1254 WVigorn.
845 1221 963 1244 omnes
990 1210 1083 1245 Scoti
1109 1217 1143 1246 et
1168 1212 1278 1258 Angli
1304 1213 1499 1278 scriptores.
1526 1212 1602 1246 Mo-

245 1266 435 1301 nasterium
453 1265 609 1310 ingressa
627 1275 718 1298 anno
737 1272 869 1297 MLXX.

703 1360 738 1394 S.
763 1359 1041 1394 AMBIANUS.
1093 1364 1150 1399 75.

245 1434 280 1468 S.
306 1434 526 1467 AMBIANUS
552 1432 756 1477 Amphibali
784 1432 935 1476 episcopi
960 1433 997 1466 in
1022 1434 1183 1468 omnibus
1209 1435 1333 1476 socius,
1360 1441 1395 1470 et
1419 1437 1602 1481 episcopali

246 1490 417 1535 dignitate
434 1494 589 1529 ornatus,
607 1490 666 1523 sed
684 1489 784 1533 cujus
802 1489 962 1521 ecclesiae
979 1500 1050 1523 non
1067 1491 1287 1534 deprehendi,
1306 1503 1401 1526 more
1418 1493 1547 1526 scilicet
1564 1504 1603 1527 eo

246 1547 360 1580 seculo
385 1547 478 1589 apud
504 1550 676 1579 nostrates
698 1549 847 1588 recepto,
865 1548 906 1577 ut
924 1544 1164 1589 episcoporum
1181 1558 1264 1581 cura
1286 1548 1373 1581 nulli
1396 1553 1508 1582 certae
1532 1549 1603 1582 sedi

245 1602 459 1646 alligaretur,
477 1602 536 1636 sed
553 1602 590 1634 in
609 1611 727 1635 omnes
745 1601 844 1645 regni
861 1603 976 1643 partes
994 1605 1202 1644 potestatem
1220 1608 1416 1644 exerceret3
1443 1615 1549 1648 quare
1566 1605 1604 1638 in

246 1657 398 1690 conciliis
412 1661 446 1690 et
459 1657 601 1701 synodis
615 1657 823 1700 quibusdam
839 1656 1050 1699 pervetustis
1068 1659 1188 1703 scripti
1207 1661 1429 1703 reperiuntur
1445 1660 1602 1693 nomiulli

245 1713 394 1756 episcopi
413 1712 568 1753 Scotiae3
588 1713 680 1757 quod
699 1711 792 1745 infra
808 1712 872 1744 hoc
890 1721 991 1754 opere
1008 1711 1132 1748 fusius.
1174 1714 1265 1749 Erat
1277 1715 1472 1749 Ambianus
1485 1720 1603 1749 noster

246 1778 288 1801 ex
305 1769 364 1802 illo
382 1769 580 1802 antistitum
597 1779 734 1813 genere,
754 1767 815 1811 qui
833 1765 956 1800 Culdei
975 1770 1099 1809 vocati,
1118 1770 1247 1805 divinis
1271 1776 1410 1806 tantum
1427 1772 1602 1816 mysteriis

247 1824 425 1858 vacabant.
475 1824 622 1867 Scripsit

389 1879 442 1912 De
460 1880 666 1913 Sanctorum
684 1879 855 1914 Memoria
1158 1882 1218 1915 lib.
1238 1891 1262 1916 1.

391 1934 545 1968 Hortum
562 1936 777 1978 spiritualem
1160 1938 1220 1971 lib.
1240 1947 1264 1971 Ι.

390 1990 511 2023 Divini
530 1990 642 2024 Officii
660 1992 828 2026 recitandi
846 1994 1033 2028 Rationem
1158 1994 1218 2027 lib.
1238 2003 1262 2027 1.

294 2046 477 2079 Strenuam
503 2047 608 2080 verbo
625 2047 691 2080 Dei
716 2051 950 2091 promovendo
976 2060 1116 2093 operam
1141 2049 1303 2089 navabat,
1329 2054 1371 2083 ut
1388 2060 1430 2083 ex
1450 2049 1599 2084 Hectore

248 2101 395 2135 Boethio
412 2102 486 2135 loco
503 2102 642 2135 laudato
659 2103 779 2146 liquet,
797 2110 832 2138 et
844 2104 866 2137 J
869 2117 979 2139 oanne
993 2105 1137 2139 Leslaeo
1154 2105 1294 2145 ibidem,
1312 2116 1403 2140 anno
1421 2114 1598 2139 cccxxu.

726 2198 797 2232 AN
799 2200 1015 2235 ONYMUS.
1068 2199 1122 2237 76.

247 2268 434 2308 Qmsoms
452 2269 481 2302 is
499 2273 551 2302 est
568 2268 628 2313 qui
646 2279 830 2314 suppresso
847 2273 987 2307 nomine
1003 2273 1093 2307 circa
1109 2284 1240 2307 annum
1258 2282 1368 2309 Dxc1.
1386 2275 1523 2318 scripsit

391 2324 512 2359 Vitam
529 2324 564 2358 S.
582 2324 711 2359 Albani
1161 2329 1220 2363 lib.
1240 2338 1264 2362 1.
