1861 2682
622 245 794 278 GENTIS
819 243 1093 280 SCOTORUM,
1118 243 1205 273 LIB.
1232 243 1294 273 III.
1581 244 1638 271 185

277 340 532 383 Capucinorum
556 338 679 376 socius,
706 338 742 370 in
768 337 883 370 Scotia
909 347 972 369 sua
997 337 1126 369 multos
1152 336 1285 368 labores
1311 344 1375 377 pro
1401 333 1532 366 Christi
1561 345 1638 366 cau-

277 407 324 433 sa,
362 397 431 429 imo
465 401 498 428 et
532 395 751 427 vinculorum
783 404 852 426 non
887 393 992 426 semel
1027 392 1271 424 contumeliam
1306 401 1440 433 passm,
1477 389 1639 422 Lutetiae

278 452 406 494 primas
447 450 626 483 cathedras
666 450 886 483 concionator
919 449 1043 486 tenuit,
1082 458 1152 479 non
1191 447 1307 479 minus
1344 446 1500 478 eruditus
1534 455 1637 487 quam

276 508 369 549 pius:
393 507 454 539 diu
472 507 563 549 apud
585 506 791 539 Austrasiae
814 506 986 549 principes
1011 508 1180 541 versatus,
1204 503 1318 535 ordini
1341 513 1405 534 suo
1427 502 1461 533 in
1486 511 1561 533 eam
1588 511 1640 532 re·

275 563 413 606 gionem
432 563 566 595 aditum
590 561 762 604 patefecit,
788 565 978 594 conventus
1002 559 1195 592 Nanceiani
1214 562 1249 591 et
1274 557 1534 600 Mussipontani
1561 566 1640 589 auc-

276 623 340 651 tor.
391 617 537 661 Scripsit

421 673 553 706 Contra
570 673 795 706 Calvinianae
816 673 1006 705 Haereseos
1024 671 1202 714 Principia
1291 670 1350 703 lib.
1371 679 1395 702 Ι.

420 729 684 772 Disputationes
703 740 780 762 cum
800 729 973 762 Ministris
991 729 1158 761 solemnes
1292 727 1351 760 lib.
1372 735 1395 758 1.

420 784 610 818 Conciones
1294 783 1352 816 lib.
1373 791 1397 815 Ι.

422 841 625 884 Spiritualia
645 842 815 883 quaedam
1295 839 1354 872 lib.
1376 848 1400 872 Ι.

325 897 425 930 Vivit
443 898 554 930 adhuc
573 898 608 929 in
625 898 756 941 Belgio,
771 898 830 930 ubi
845 897 989 930 barones
1004 896 1179 934 Forbassi,
1195 906 1265 928 non
1279 895 1329 928 ita
1343 895 1478 937 pridem
1492 895 1639 928 eundem

276 954 433 987 habitum
464 954 589 992 induti,
620 959 654 985 et
682 953 847 986 vixerunt
872 957 907 986 et
932 953 1104 989 obierunt,
1136 962 1285 994 quorum
1316 951 1429 994 major
1457 951 1640 984 sanctitate

276 1011 390 1048 claret,
405 1014 437 1042 et
453 1010 526 1043 vita
539 1010 632 1042 edita
648 1009 713 1042 hoc
730 1009 845 1047 titulo,
859 1006 967 1041 Alter
977 1006 1107 1041 Alexis
1121 1020 1130 1040 :
1151 1018 1221 1040 non
1235 1007 1318 1045 vidi,
1337 1007 1396 1040 sed
1410 1007 1480 1039 scio
1497 1006 1636 1039 editam.

661 1120 928 1155 CONRADUS
955 1119 1119 1153 RUFFI.
1172 1122 1253 1153 325.

277 1235 494 1266 CONRADUS
521 1233 626 1271 Ruffi,
652 1232 898 1277 Sterlingensis
925 1232 1187 1272 Dominicanus,
1219 1237 1241 1252 “
1267 1234 1322 1266 vir
1347 1233 1528 1266 literarum
1553 1233 1640 1265 divi-

276 1301 400 1323 narum
424 1290 611 1328 studiosus,
639 1293 673 1322 et
702 1289 738 1321 in
762 1289 967 1321 scholastica
989 1293 1024 1321 et
1049 1289 1355 1331 peripateticorum
1382 1290 1540 1322 doctrina
1566 1300 1641 1322 ver-

277 1347 403 1385 satus,”
430 1346 479 1379 ait
503 1345 681 1379 Antonius
706 1344 867 1378 Senensis
893 1344 1084 1377 Lusitanus
1108 1345 1145 1377 in
1170 1344 1387 1378 Bibliotheca
1406 1344 1639 1378 Praedicator.

277 1402 423 1445 Scripsit

421 1458 731 1492 Abbreviationem
749 1456 991 1500 Expositionis
1009 1456 1054 1489 D.
1074 1456 1231 1490 Thomae
1250 1457 1286 1490 in
1305 1456 1511 1501 Evangelia.

424 1514 616 1547 Homiliam
634 1524 738 1557 super
754 1513 1001 1557 Evangefiurn,
1023 1517 1043 1532 “
1061 1512 1184 1546 Stabat
1196 1514 1302 1557 juxta
1320 1514 1486 1552 crucem,”
1504 1512 1567 1546 &c.

425 1569 617 1603 Homiliam
635 1570 671 1602 in
690 1570 777 1603 illud
794 1568 992 1613 Evangelii,
1017 1574 1037 1589 “
1055 1568 1239 1602 Extollens
1258 1580 1376 1602 vocem
1395 1570 1519 1602 mulier
1536 1580 1639 1612 quae-

470 1627 582 1665 dam,’'
602 1625 666 1659 διε.

327 1682 489 1715 Florebat
507 1693 598 1715 anno
618 1690 814 1715 MCCCXIX.

579 1793 788 1827 THOMAS
814 1794 944 1827 COLY
946 1793 979 1827 N
983 1793 1204 1827 GHAMUS.
1257 1793 1337 1827 326.

280 1906 452 1940 THOMAS
478 1907 751 1951 Colynghamus,
777 1906 967 1940 monachus
993 1906 1242 1946 Cisterciensis,
1270 1907 1414 1940 Parisiis
1437 1907 1636 1940 doctoratus

280 1964 442 2001 lauream,
472 1967 658 2005 antequam
687 1963 895 1996 monachum
926 1963 1106 2001 induisset,
1136 1968 1325 1996 assecutus.
1386 1963 1635 1996 Commentarii

279 2018 468 2051 Sorbonici.
518 2017 608 2062 Ejus
627 2023 679 2051 est
696 2030 782 2061 opus
801 2019 930 2051 serium
948 2023 982 2052 et
999 2030 1106 2063 grave

424 2073 477 2106 De
500 2072 732 2112 Eucharistia,
756 2074 832 2107 MS.
857 2076 893 2107 in
919 2075 1126 2108 bibliotheca
1151 2075 1195 2108 D.
1221 2075 1385 2115 Victoris,
1412 2080 1446 2108 et
1471 2085 1636 2108 excusum

470 2129 552 2162 olim
569 2128 730 2162 Lutetiae
747 2141 809 2172 per
825 2129 848 2162 J
850 2142 995 2164 oannem
1014 2130 1229 2175 Cheyneum.

328 2183 478 2218 Vivebat
495 2195 586 2218 anno
605 2193 902 2218 MCCCLXXXVII.
