1861 2682
589 279 760 311 GENTIS
786 280 1055 319 SCOTORUM,
1080 282 1166 313 LIB.
1193 282 1253 313 ΙΙΙ.
1539 286 1599 316 157‘

240 376 338 403 notat
374 371 543 404 Kenicum
579 373 614 405 in
648 372 855 416 quibusdam
890 373 1005 406 vocari
1036 374 1219 407 codicibus.
1251 375 1458 408 Franciscus
1495 375 1595 408 Man-

238 428 375 470 rolycus
394 427 486 460 dicto
504 428 574 460 die:
599 433 618 447 ‘⁶
634 429 676 461 In
695 428 809 462 Scotia
827 428 869 460 B.
885 428 1039 462 Cannitii
1058 429 1222 462 abbatis.”
1265 431 1429 464 Meminit
1446 436 1479 464 et
1501 432 1594 464 Petr.

238 480 433 515 Galesinius
464 484 498 515 in
528 495 590 517 suo
621 485 884 528 Martyrologio,
911 489 945 516 et
974 484 1065 517 Petr.
1095 485 1131 517 in
1158 485 1325 530 Catalogo
1352 486 1408 519 lib.
1438 496 1492 519 XI.
1521 498 1593 531 cap.

237 537 299 568 ult.
320 537 437 570 Felici.
456 539 492 571 in
511 539 771 582 Ephemeridib.
798 540 944 572 Arnold.
971 539 1088 573 Uvion
1114 541 1171 573 lib.
1199 550 1256 573 111.
1285 541 1388 586 Lign.
1414 542 1485 575 Vit.
1513 554 1592 588 pag.

236 600 472 626 CCCXXXVII.
491 596 551 637 qui
570 606 639 628 non
657 601 708 628 est
726 596 812 628 mihi
831 596 873 628 ad
892 606 1044 628 manum.
1096 596 1232 639 Scripta
1255 597 1476 631 interierunt.
1521 599 1594 632 Nec

235 648 326 680 ullus
361 650 561 682 mortalium
597 662 660 693 pro
689 652 853 684 mendicis
884 656 964 690 stat,
995 663 1112 684 omnes
1142 653 1233 685 enim
1266 654 1435 686 nominati
1467 655 1594 688 diserte

233 702 375 737 Scotum
403 712 538 744 vocant,
567 712 601 739 et
630 706 684 739 Jo.
713 718 733 739 a
761 707 873 752 Nigra
895 707 994 740 Valle
1023 708 1257 741 bibliothecar.
1287 709 1321 742 S.
1348 710 1391 742 R.
1419 710 1462 743 E.
1491 716 1512 729 “
1530 711 1594 744 Ca-

233 759 343 792 nicius
370 760 474 793 abbas
500 764 682 795 canonicae
706 763 891 796 Scotiensis
918 763 1122 796 confessor.”
1172 764 1345 798 Ghinius:
1373 770 1393 784 ‘⁶
1412 766 1454 799 In
1477 766 1591 800 Scotia

232 814 349 848 Sancti
368 816 487 849 Canici
506 818 671 851 abbatis.”

280 870 353 904 Nec
377 883 446 915 quo
471 877 624 916 tempore
647 874 813 914 floruerit,
847 880 939 908 certo
964 877 1061 918 potui
1089 878 1308 916 constituere,
1333 879 1425 921 quod
1451 880 1590 912 annales

232 927 340 958 nostri
370 929 504 967 sileant,
533 940 594 962 nec
620 931 870 975 martyrologia
902 931 1099 974 loquantur.
1151 932 1364 966 Canonicum
1396 936 1590 979 regularem

230 981 314 1015 facit
345 982 596 1018 Constantinus
627 985 788 1018 Ghinius.
857 985 934 1019 Hoc
967 998 1078 1020 unum
1113 994 1257 1027 constat,
1296 989 1502 1023 Hiberniam
1538 992 1589 1024 in-

231 1038 344 1070 colatu
370 1050 433 1072 suo
456 1041 542 1072 mire
570 1042 652 1074 olim
677 1041 888 1074 nobilitasse.
938 1042 1031 1076 Hinc
1059 1044 1249 1077 Kilkennia
1275 1046 1502 1088 episcopatus,
1529 1048 1589 1090 qui

230 1092 380 1132 Osseria,
400 1097 498 1138 quasi
519 1096 643 1129 Kanici
661 1096 804 1130 fanum:
831 1098 879 1130 sic
898 1098 1087 1141 Kilpatrik,
1114 1100 1285 1140 Colonkil,
1313 1102 1485 1141 Kilmaur,
1513 1103 1590 1135 Kil-

228 1150 313 1187 reul,
345 1150 498 1189 Patricii,
529 1151 728 1192 Columbae,
756 1153 912 1192 Maurae,
939 1154 1078 1199 Reguli,
1106 1157 1248 1199 templa,
1276 1158 1396 1202 lingua
1421 1163 1586 1192 nostrate.

230 1203 366 1237 Colitur
384 1214 440 1238 XI.
459 1206 600 1240 Octobr.

653 1319 688 1353 S.
715 1320 1021 1356 CONUALLUS.
1073 1323 1153 1357 263.

227 1434 247 1447 “
264 1429 299 1462 S.
329 1430 584 1471 CONUALLUS‚
609 1432 653 1465 D.
674 1432 883 1478 Kentigerni
910 1435 1111 1478 discipulus,
1138 1437 1237 1480 cujus
1264 1438 1432 1481 reliquiae
1461 1440 1585 1473 celebri

226 1491 451 1519 monumento
469 1488 505 1520 in
525 1487 746 1528 Inchemnen,
765 1489 858 1522 haud
877 1492 996 1533 procul
1014 1503 1034 1524 a
1052 1491 1259 1537 Glasguensi
1278 1495 1429 1533 civitate,
1448 1507 1468 1528 a
1486 1496 1587 1529 Chri-

225 1541 339 1574 stiano
370 1544 499 1585 populo
527 1544 694 1577 hactenus
721 1545 757 1577 in
783 1556 910 1590 magna
936 1547 1108 1580 habentur
1133 1550 1365 1584 veneratione.
1416 1551 1531 1586 Affuit
1557 1554 1586 1586 is

225 1596 355 1630 Aidani
386 1600 477 1643 regis
508 1599 634 1639 funeri,
665 1601 747 1633 dum
774 1613 794 1634 a
819 1601 1049 1645 Kylsthorain
1075 1605 1111 1636 in
1138 1604 1267 1637 Canter
1291 1606 1427 1639 funebri
1459 1619 1585 1651 pompa

225 1652 406 1686 efferretur
424 1655 460 1687 in
479 1655 629 1688 insulam
647 1656 780 1689 Ionam.
831 1657 946 1691 Affuit
963 1664 997 1692 et
1015 1671 1084 1692 non
1102 1663 1213 1693 multo
1236 1667 1314 1704 post
1337 1664 1456 1705 populi
1483 1666 1586 1697 comi-

225 1709 282 1741 tiis
309 1710 344 1742 in
371 1710 564 1755 Argadiam
590 1712 740 1751 indictis,
767 1714 924 1756 patribus
950 1716 1160 1754 auctoribus,
1186 1718 1277 1761 regis
1295 1720 1378 1751 novi
1396 1720 1431 1751 in
1451 1720 1585 1762 demor-

226 1766 278 1797 tui
292 1766 404 1799 locum
417 1767 565 1811 eligendi
578 1769 711 1801 causa.”
736 1769 838 1802 Hect.
851 1769 974 1802 Boeth.
988 1771 1046 1803 lib.
1064 1781 1118 1804 Ix.
1135 1772 1228 1805 Hist.
1245 1774 1335 1806 Scot.
1351 1785 1429 1819 pag.
1445 1784 1583 1808 CLXXI.

224 1820 280 1854 J0.
299 1821 464 1856 Leslaeus
488 1823 545 1855 lib.
568 1832 620 1856 IV.
644 1835 722 1869 pag.
747 1834 858 1858 CLIII.
901 1825 1047 1859 Arnold.
1076 1827 1193 1861 Uvion
1219 1830 1277 1862 lib.
1302 1839 1359 1862 III.
1387 1832 1459 1863 loco
1481 1833 1582 1865 toties

224 1877 374 1910 laudato.

273 1932 526 1979 Martyrologia
544 1937 658 1975 silent,
676 1948 737 1969 nec
755 1949 826 1980 quo
843 1939 898 1971 die
917 1939 990 1983 ejus
1011 1941 1211 1973 memoriam
1231 1941 1364 1975 Scotica
1382 1945 1508 1977 recolat
1532 1956 1583 1977 ec-

225 1988 338 2026 clesia,
365 2000 408 2022 ex
435 1992 616 2025 annalibus
646 1993 859 2026 nostratibus
883 1995 968 2027 scire
992 1997 1111 2038 potui:
1138 2007 1311 2040 anonymo
1337 2003 1452 2031 tamen
1479 2001 1583 2043 scrip-

224 2044 290 2077 tori
311 2044 413 2078 Scoto
431 2046 488 2079 lib.
509 2047 549 2079 de
567 2047 791 2091 Antiquitate
813 2049 965 2083 Scoticae
992 2050 1166 2085 Ecclesiae
1193 2054 1331 2086 videtur
1356 2054 1483 2088 festum
1508 2057 1583 2100 ejus

223 2101 325 2132 recoli
338 2102 503 2143 postridie
518 2104 647 2135 calend.
660 2104 806 2142 Quintil.
832 2105 968 2139 Viderit
980 2107 1063 2150 ipse.
1088 2107 1189 2141 Certe
1202 2109 1372 2142 breviaria
1384 2111 1515 2143 Scotica
1528 2113 1582 2144 die

223 2164 340 2188 XVIII.
360 2156 446 2189 Maii
465 2159 595 2191 cultum
614 2161 746 2198 volunt,
765 2167 798 2193 et
816 2162 967 2203 primum
990 2162 1096 2196 fuisse
1115 2163 1355 2198 Glascoensem
1375 2168 1581 2200 archidiaco-

221 2223 315 2244 num.
367 2212 512 2256 Scripsit

368 2269 575 2313 Kentigerni
596 2270 760 2315 Magistri
778 2271 897 2305 Vitam
1140 2276 1198 2309 lib.
1220 2286 1242 2309 Ι.

365 2324 495 2358 Contra
513 2325 618 2359 Ritus
638 2326 868 2360 Ethnicorum
1140 2332 1198 2364 lib.
1219 2341 1241 2364 1.
