1861 2682
222 270 263 300 52
588 270 812 302 HISTORIA
836 268 1197 301 ECCLESIASTICA

274 360 423 395 Vivebat
441 362 647 394 vilissimum
664 361 867 394 ultimorum
883 359 1054 393 artificum
1072 359 1306 402 opprobrium,
1320 370 1411 393 anno
1426 368 1574 393 MDLXI.

227 417 329 450 Tales
348 417 485 456 Paulos,
509 427 588 450 cara
609 427 686 449 mea
709 416 834 455 Scotia,
858 417 975 460 lapsus
997 415 1049 448 tui
1072 415 1176 448 duces
1199 415 1363 455 habuisti,
1388 415 1448 459 qui
1472 415 1575 448 etiam

226 472 340 506 viliori
358 472 449 515 plebi
466 472 580 506 forent
597 472 828 505 erubescendi.

537 583 817 617 ANONYMUS
843 583 1151 617 HISTORICUS.
1202 582 1259 617 86.

226 694 487 728 ALEXANDRO
514 694 581 728 III.
608 699 630 713 “
652 705 732 738 rege
755 695 936 733 declarato,
962 705 1001 727 ac
1024 704 1120 727 sacro
1145 692 1318 737 peract0,”
1343 694 1392 728 ait
1417 693 1465 727 H.
1488 693 1578 727 Boe-

226 751 320 783 thius
338 751 396 783 lib.
416 759 504 782 X111.
525 750 619 783 Hist.
638 750 728 783 Scot.
748 761 827 794 pag.
846 758 1051 782 CCLXXXV.
1075 754 1096 768 ‘⁶
1114 749 1255 782 accessit
1272 750 1315 782 ad
1333 761 1412 783 eum
1429 750 1484 782 vir
1501 750 1577 793 qui-

228 806 307 838 dam
336 806 428 838 haud
458 806 602 850 ignobili
628 816 752 849 genere
777 810 890 844 natus,
921 810 1086 838 montana
1116 804 1250 838 Scotiae
1279 805 1489 844 inhabitans,
1516 805 1576 848 qui

226 866 421 894 contextam
439 872 459 893 a
476 871 512 893 se
528 861 763 905 genealogiam
781 871 903 905 regum
921 860 1054 893 Scotiae
1071 860 1238 899 omnium,
1257 861 1300 893 ad
1321 865 1499 904 parentem
1521 871 1578 893 us-

226 927 293 960 que
309 917 423 961 gentis
442 915 638 952 Gathelum‚
656 916 855 948 memoriter
873 916 1053 955 recitavit3
1079 926 1181 959 quem
1206 926 1267 948 rex
1286 916 1497 959 amplissime
1519 916 1578 949 do-

224 976 345 1005 natum
364 983 405 1004 ex
423 972 564 1004 consilio
581 971 852 1015 gubernatorum
867 971 1007 1004 domum
1022 971 1186 1004 dimisit.’'
1227 971 1405 1015 Anonymi
1420 982 1501 1016 ergo
1514 971 1579 1004 hu-

221 1028 281 1071 jus
298 1028 465 1070 scriptum
484 1032 567 1066 erat,

370 1082 579 1126 Genealogia
597 1082 733 1125 Regum
752 1082 907 1114 omnium
926 1081 1070 1120 Scotiae,
1094 1085 1187 1114 retro
1211 1081 1255 1113 ad
1278 1080 1476 1120 Gathelum,
1501 1079 1579 1114 Sco-

415 1142 470 1170 tae
489 1137 680 1169 Pharaonis
698 1137 786 1169 filiae
804 1137 980 1176 maritum,
1186 1136 1245 1169 lib.
1266 1145 1290 1169 1.

277 1192 426 1226 Vivebat
443 1193 499 1225 hic
516 1204 606 1225 anno
625 1200 836 1225 MCCLXXX.

600 1304 879 1339 ANONYMUS
904 1304 1083 1338 POETA.
1136 1306 1193 1341 87.

228 1417 451 1450 EDUARDUS
481 1428 523 1449 ex
548 1415 689 1461 Anglia‚
717 1416 772 1449 cui
798 1426 818 1448 a
842 1415 974 1460 Longis
1008 1415 1120 1448 Tibiis
1152 1418 1420 1460 cognomentum
1450 1414 1578 1457 posteri

227 1477 441 1516 acceperunt,
468 1472 586 1505 hostili
612 1472 728 1504 animo
753 1472 929 1515 ingressus
956 1471 1119 1510 Scotiam,
1146 1471 1398 1504 Carmelitanae
1423 1468 1575 1502 familiae

228 1529 398 1572 quendam
417 1528 621 1561 monachum
641 1538 755 1560 secum
774 1527 929 1566 adduxit,
948 1527 1007 1570 qui
1026 1527 1254 1560 conscriberet

370 1584 646 1617 Destructionem
666 1583 799 1615 Scotiae
1181 1582 1240 1615 lib.
1262 1591 1286 1614 1.

369 1639 560 1672 Victoriam
578 1638 775 1683 Anglorum
1184 1638 1243 1670 lib.
1264 1646 1288 1670 1.

227 1697 278 1730 At
307 1707 384 1729 cum
411 1696 454 1728 ad
484 1694 719 1727 Bannocburn
748 1705 768 1726 a
798 1693 951 1726 Roberto
981 1694 1110 1726 Brusio
1136 1692 1270 1726 Scotiae
1299 1703 1380 1737 rege
1405 1701 1440 1724 L.
1467 1692 1577 1725 millia

227 1753 423 1796 Anglorum
447 1761 554 1788 caesa,
581 1754 615 1782 et
641 1758 699 1782 CC.
727 1750 858 1792 equites
884 1750 996 1782 aurati
1022 1749 1201 1791 perempti,
1227 1753 1261 1780 et
1287 1747 1474 1780 secundum
1501 1758 1575 1780 eam

227 1808 354 1840 cladem
379 1807 505 1850 exigua
527 1805 654 1848 scapha
679 1816 740 1837 rex
766 1805 952 1837 Eduardus
977 1804 1142 1848 Angliam
1169 1803 1372 1846 repetiisset,
1398 1803 1490 1835 idem
1517 1803 1575 1835 ille

227 1863 492 1900 carmelitanus,
506 1861 609 1905 jussu
628 1861 784 1899 Roberti,
802 1861 893 1903 stylo
910 1870 1074 1892 converso
1097 1859 1292 1901 posteritati
1315 1858 1481 1900 prodidit,
1504 1858 1579 1891 bar·

227 1919 310 1951 baro
326 1918 465 1960 quidem
483 1917 552 1955 illo,
575 1916 633 1948 sed
651 1916 701 1948 illi
720 1916 833 1948 seculo
850 1914 1115 1957 haudquaquam
1134 1914 1394 1952 contemnendo,

370 1973 550 2005 Scotorum
570 1970 760 2004 Victoriam
1186 1969 1245 2001 lib.
1265 1977 1289 2000 1.

276 2028 380 2060 Hunc
396 2027 505 2071 Angli
523 2026 650 2059 illustri
668 2027 741 2058 loco
763 2029 882 2058 natum
908 2035 1014 2067 prope
1039 2023 1301 2068 Notingamiam
1325 2024 1436 2064 aiunt,
1461 2029 1496 2058 et
1519 2035 1577 2059 no-

228 2094 307 2117 men
321 2083 350 2115 ei
365 2082 470 2114 fuisse
484 2082 675 2114 Robertum
690 2080 896 2113 Bastonium
913 2090 922 2119 ;
941 2080 1094 2112 coenobii
1110 2079 1375 2124 Scarburgensis
1393 2080 1496 2113 etiam
1510 2081 1579 2123 pri-

229 2149 322 2173 orem
347 2137 490 2169 faeiunt.
542 2136 642 2169 Hanc
668 2135 822 2179 fugiente
848 2135 1043 2180 Anglorum
1068 2146 1148 2180 rege
1175 2134 1341 2168 Eduardo
1359 2136 1487 2168 cladem
1504 2135 1578 2169 An-

228 2195 303 2239 glos
321 2192 500 2235 accepisse,
518 2203 586 2224 non
604 2191 705 2224 modo
722 2191 745 2223 J
748 2201 874 2223 oannes
892 2190 1121 2229 Balendenus,
1140 2195 1173 2223 et
1189 2190 1212 2223 J
1215 2202 1342 2224 oannes
1357 2191 1483 2235 Major,
1498 2190 1577 2224 Sco-

229 2250 324 2292 tique
350 2248 407 2280 alii
431 2248 467 2280 in
491 2247 672 2280 annalibus
695 2247 767 2279 suis
791 2246 956 2284 scribunt,
982 2246 1041 2278 sed
1066 2251 1100 2279 et
1126 2245 1280 2279 Thomas
1306 2247 1347 2279 de
1372 2247 1404 2278 la
1422 2245 1524 2278 Moor
1540 2246 1576 2279 in

228 2304 394 2338 Eduardo
411 2302 459 2336 II.
477 2303 589 2348 gentis
608 2313 689 2336 suae
707 2306 856 2346 stragem
876 2301 1039 2344 loquitur.
1092 2301 1201 2335 Porro
1224 2301 1367 2335 Roberti
1385 2302 1485 2344 plura
1502 2311 1577 2344 ope-
