<?xml version="1.0" encoding="UTF-8"?>
<!DOCTYPE html PUBLIC "-//W3C//DTD XHTML 1.0 Transitional//EN"
    "http://www.w3.org/TR/xhtml1/DTD/xhtml1-transitional.dtd">
<html xmlns="http://www.w3.org/1999/xhtml" xml:lang="en" lang="en">
 <head>
  <title>
</title>
<meta http-equiv="Content-Type" content="text/html;charset=utf-8" />
  <meta name='ocr-system' content='tesseract 3.04.00' />
  <meta name='ocr-capabilities' content='ocr_page ocr_carea ocr_par ocr_line ocrx_word'/>
</head>
<body>
  <div class='ocr_page' id='page_1' title='image "./thomaedempsterih00bann_0115.png"; bbox 0 0 1861 2682; ppageno 0'>
   <div class='ocr_carea' id='block_1_1' title="bbox 631 254 1625 292">
    <p class='ocr_par' dir='ltr' id='par_1_1' title="bbox 631 254 1625 292">
     <span class='ocr_line' id='line_1_1' title="bbox 631 254 1625 292; baseline 0 -7"><span class='ocrx_word' id='word_1_1' title='bbox 631 254 801 285; x_wconf 81' lang='lat' dir='ltr'>GENTIS</span> <span class='ocrx_word' id='word_1_2' title='bbox 825 254 1096 292; x_wconf 86' lang='lat' dir='ltr'>SCOTORUM,</span> <span class='ocrx_word' id='word_1_3' title='bbox 1119 254 1206 285; x_wconf 90' lang='lat' dir='ltr'><strong>LIB.</strong></span> <span class='ocrx_word' id='word_1_4' title='bbox 1227 255 1253 285; x_wconf 91' lang='grc' dir='ltr'>Ι.</span> <span class='ocrx_word' id='word_1_5' title='bbox 1587 256 1625 285; x_wconf 83' lang='lat'>45</span> 
     </span>
    </p>
   </div>
   <div class='ocr_carea' id='block_1_2' title="bbox 320 344 1241 490">
    <p class='ocr_par' dir='ltr' id='par_1_2' title="bbox 320 344 1241 490">
     <span class='ocr_line' id='line_1_2' title="bbox 414 344 1241 388; baseline 0 -10"><span class='ocrx_word' id='word_1_6' title='bbox 414 345 449 378; x_wconf 89' lang='lat' dir='ltr'>S.</span> <span class='ocrx_word' id='word_1_7' title='bbox 468 345 628 378; x_wconf 80' lang='lat' dir='ltr'><strong>Andreae</strong></span> <span class='ocrx_word' id='word_1_8' title='bbox 646 344 859 388; x_wconf 88' lang='lat' dir='ltr'><strong>Episcopum</strong></span> <span class='ocrx_word' id='word_1_9' title='bbox 1135 345 1194 378; x_wconf 91' lang='lat' dir='ltr'>lib.</span> <span class='ocrx_word' id='word_1_10' title='bbox 1214 353 1241 378; x_wconf 90' lang='lat'>1.</span> 
     </span>
     <span class='ocr_line' id='line_1_3' title="bbox 413 400 1241 434; baseline -0.001 0"><span class='ocrx_word' id='word_1_11' title='bbox 413 401 471 434; x_wconf 87' lang='lat' dir='ltr'>Ad</span> <span class='ocrx_word' id='word_1_12' title='bbox 489 400 637 434; x_wconf 89' lang='lat' dir='ltr'>Lucium</span> <span class='ocrx_word' id='word_1_13' title='bbox 656 400 722 434; x_wconf 90' lang='grc' dir='ltr'>ΙΙΙ.</span> <span class='ocrx_word' id='word_1_14' title='bbox 746 400 944 434; x_wconf 85' lang='lat' dir='ltr'>Pontificem</span> <span class='ocrx_word' id='word_1_15' title='bbox 1138 400 1197 434; x_wconf 86' lang='lat' dir='ltr'>lib.</span> <span class='ocrx_word' id='word_1_16' title='bbox 1217 409 1241 433; x_wconf 89' lang='lat'>1.</span> 
     </span>
     <span class='ocr_line' id='line_1_4' title="bbox 320 457 801 490; baseline -0.002 0"><span class='ocrx_word' id='word_1_17' title='bbox 320 457 455 490; x_wconf 86' lang='lat' dir='ltr'>Floruit</span> <span class='ocrx_word' id='word_1_18' title='bbox 472 468 562 490; x_wconf 89' lang='lat' dir='ltr'>anno</span> <span class='ocrx_word' id='word_1_19' title='bbox 581 465 801 490; x_wconf 77' lang='lat' dir='ltr'>MCLXXXII.</span> 
     </span>
    </p>
   </div>
   <div class='ocr_carea' id='block_1_3' title="bbox 495 567 1400 609">
    <p class='ocr_par' dir='ltr' id='par_1_3' title="bbox 495 567 1400 609">
     <span class='ocr_line' id='line_1_5' title="bbox 495 567 1400 609; baseline -0.002 -6"><span class='ocrx_word' id='word_1_20' title='bbox 495 569 706 609; x_wconf 90' lang='lat' dir='ltr'>ALANUS,</span> <span class='ocrx_word' id='word_1_21' title='bbox 733 577 805 602; x_wconf 79' lang='lat' dir='ltr'>SEU</span> <span class='ocrx_word' id='word_1_22' title='bbox 830 567 1289 602; x_wconf 89' lang='lat' dir='ltr'>ANTICLAUDIANUS.</span> <span class='ocrx_word' id='word_1_23' title='bbox 1342 570 1400 605; x_wconf 82' lang='lat'>71.</span> 
     </span>
    </p>
   </div>
   <div class='ocr_carea' id='block_1_4' title="bbox 268 679 1626 1278">
    <p class='ocr_par' dir='ltr' id='par_1_4' title="bbox 269 679 1625 1000">
     <span class='ocr_line' id='line_1_6' title="bbox 272 679 1624 725; baseline -0.001 -12"><span class='ocrx_word' id='word_1_24' title='bbox 272 681 451 720; x_wconf 79' lang='lat' dir='ltr'>ALANUS,</span> <span class='ocrx_word' id='word_1_25' title='bbox 469 686 696 725; x_wconf 88' lang='lat' dir='ltr'>cognomento</span> <span class='ocrx_word' id='word_1_26' title='bbox 709 679 753 714; x_wconf 81' lang='lat' dir='ltr'>ab</span> <span class='ocrx_word' id='word_1_27' title='bbox 766 679 913 720; x_wconf 65' lang='lat' dir='ltr'>hasulis,</span> <span class='ocrx_word' id='word_1_28' title='bbox 927 681 964 713; x_wconf 88' lang='lat' dir='ltr'>in</span> <span class='ocrx_word' id='word_1_29' title='bbox 976 680 1084 714; x_wconf 90' lang='lat' dir='ltr'>Mona</span> <span class='ocrx_word' id='word_1_30' title='bbox 1096 681 1211 713; x_wconf 86' lang='lat' dir='ltr'>insula</span> <span class='ocrx_word' id='word_1_31' title='bbox 1226 684 1340 719; x_wconf 85' lang='lat' dir='ltr'>natus,</span> <span class='ocrx_word' id='word_1_32' title='bbox 1359 680 1503 724; x_wconf 83' lang='lat' dir='ltr'>antiqua</span> <span class='ocrx_word' id='word_1_33' title='bbox 1521 680 1624 713; x_wconf 88' lang='lat' dir='ltr'>Drui-</span> 
     </span>
     <span class='ocr_line' id='line_1_7' title="bbox 271 735 1623 782; baseline -0.001 -13"><span class='ocrx_word' id='word_1_34' title='bbox 271 737 353 769; x_wconf 90' lang='lat' dir='ltr'>dum</span> <span class='ocrx_word' id='word_1_35' title='bbox 384 737 472 775; x_wconf 92' lang='lat' dir='ltr'>sede,</span> <span class='ocrx_word' id='word_1_36' title='bbox 502 747 522 769; x_wconf 90' lang='lat' dir='ltr'>a</span> <span class='ocrx_word' id='word_1_37' title='bbox 551 737 724 780; x_wconf 89' lang='lat' dir='ltr'>plerisque</span> <span class='ocrx_word' id='word_1_38' title='bbox 754 737 915 782; x_wconf 87' lang='lat' dir='ltr'>Magnus,</span> <span class='ocrx_word' id='word_1_39' title='bbox 945 736 1105 779; x_wconf 86' lang='lat' dir='ltr'>idemque</span> <span class='ocrx_word' id='word_1_40' title='bbox 1133 735 1425 769; x_wconf 86' lang='lat' dir='ltr'>Anticlaudianus</span> <span class='ocrx_word' id='word_1_41' title='bbox 1453 736 1496 769; x_wconf 90' lang='lat' dir='ltr'>ab</span> <span class='ocrx_word' id='word_1_42' title='bbox 1523 747 1623 779; x_wconf 87' lang='lat' dir='ltr'>opere</span> 
     </span>
     <span class='ocr_line' id='line_1_8' title="bbox 271 791 1624 835; baseline -0.001 -11"><span class='ocrx_word' id='word_1_43' title='bbox 271 792 409 825; x_wconf 89' lang='lat' dir='ltr'>nomine</span> <span class='ocrx_word' id='word_1_44' title='bbox 422 792 536 831; x_wconf 86' lang='lat' dir='ltr'>ducto,</span> <span class='ocrx_word' id='word_1_45' title='bbox 550 803 619 825; x_wconf 90' lang='lat' dir='ltr'>non</span> <span class='ocrx_word' id='word_1_46' title='bbox 634 797 754 826; x_wconf 88' lang='lat' dir='ltr'>contra</span> <span class='ocrx_word' id='word_1_47' title='bbox 766 792 997 825; x_wconf 84' lang='lat' dir='ltr'>Claudianum</span> <span class='ocrx_word' id='word_1_48' title='bbox 1011 792 1161 834; x_wconf 86' lang='lat' dir='ltr'>quidem,</span> <span class='ocrx_word' id='word_1_49' title='bbox 1176 792 1235 824; x_wconf 87' lang='lat' dir='ltr'>sed</span> <span class='ocrx_word' id='word_1_50' title='bbox 1249 792 1291 824; x_wconf 88' lang='lat' dir='ltr'>ad</span> <span class='ocrx_word' id='word_1_51' title='bbox 1305 791 1380 835; x_wconf 88' lang='lat' dir='ltr'>ejus</span> <span class='ocrx_word' id='word_1_52' title='bbox 1394 791 1624 824; x_wconf 87' lang='lat' dir='ltr'>imitationem</span> 
     </span>
     <span class='ocr_line' id='line_1_9' title="bbox 270 846 1625 886; baseline -0.001 -6"><span class='ocrx_word' id='word_1_53' title='bbox 270 848 372 886; x_wconf 89' lang='lat' dir='ltr'>edito,</span> <span class='ocrx_word' id='word_1_54' title='bbox 389 858 484 880; x_wconf 88' lang='lat' dir='ltr'>more</span> <span class='ocrx_word' id='word_1_55' title='bbox 502 848 594 880; x_wconf 86' lang='lat' dir='ltr'>illius</span> <span class='ocrx_word' id='word_1_56' title='bbox 612 849 728 882; x_wconf 90' lang='lat' dir='ltr'>seculi.</span> <span class='ocrx_word' id='word_1_57' title='bbox 778 848 835 881; x_wconf 85' lang='lat' dir='ltr'>Sic</span> <span class='ocrx_word' id='word_1_58' title='bbox 852 848 1034 880; x_wconf 89' lang='lat' dir='ltr'>Ennodius</span> <span class='ocrx_word' id='word_1_59' title='bbox 1053 847 1153 880; x_wconf 80' lang='lat' dir='ltr'>Felix</span> <span class='ocrx_word' id='word_1_60' title='bbox 1180 846 1385 885; x_wconf 89' lang='lat' dir='ltr'>Ticinensis,</span> <span class='ocrx_word' id='word_1_61' title='bbox 1411 847 1495 879; x_wconf 90' lang='lat' dir='ltr'>dum</span> <span class='ocrx_word' id='word_1_62' title='bbox 1513 847 1625 879; x_wconf 91' lang='lat' dir='ltr'>imita-</span> 
     </span>
     <span class='ocr_line' id='line_1_10' title="bbox 269 902 1623 947; baseline 0 -12"><span class='ocrx_word' id='word_1_63' title='bbox 269 903 299 935; x_wconf 88' lang='lat' dir='ltr'>ri</span> <span class='ocrx_word' id='word_1_64' title='bbox 330 903 406 935; x_wconf 87' lang='lat' dir='ltr'>vult</span> <span class='ocrx_word' id='word_1_65' title='bbox 432 902 615 935; x_wconf 85' lang='lat' dir='ltr'>Claudiani</span> <span class='ocrx_word' id='word_1_66' title='bbox 643 904 866 947; x_wconf 85' lang='lat' dir='ltr'>epigramma,</span> <span class='ocrx_word' id='word_1_67' title='bbox 894 902 1107 946; x_wconf 86' lang='lat' dir='ltr'>epigraphen</span> <span class='ocrx_word' id='word_1_68' title='bbox 1131 913 1194 935; x_wconf 89' lang='lat' dir='ltr'>suo</span> <span class='ocrx_word' id='word_1_69' title='bbox 1219 902 1460 946; x_wconf 85' lang='lat' dir='ltr'>epigrammati</span> <span class='ocrx_word' id='word_1_70' title='bbox 1484 911 1623 935; x_wconf 78' lang='lat' dir='ltr'><strong>CXXIV·</strong></span> 
     </span>
     <span class='ocr_line' id='line_1_11' title="bbox 271 957 1451 1000; baseline 0.001 -10"><span class='ocrx_word' id='word_1_71' title='bbox 271 957 351 990; x_wconf 87' lang='lat' dir='ltr'>fecit</span> <span class='ocrx_word' id='word_1_72' title='bbox 369 962 389 976; x_wconf 90' lang='lat'><strong>“</strong></span> <span class='ocrx_word' id='word_1_73' title='bbox 407 958 571 990; x_wconf 85' lang='lat' dir='ltr'>adversus</span> <span class='ocrx_word' id='word_1_74' title='bbox 590 958 819 991; x_wconf 85' lang='lat' dir='ltr'>Claudianum</span> <span class='ocrx_word' id='word_1_75' title='bbox 838 957 880 990; x_wconf 91' lang='lat' dir='ltr'>de</span> <span class='ocrx_word' id='word_1_76' title='bbox 897 957 1092 996; x_wconf 83' lang='lat' dir='ltr'>Mulabus,&#39;’</span> <span class='ocrx_word' id='word_1_77' title='bbox 1110 962 1144 990; x_wconf 84' lang='lat' dir='ltr'>et</span> <span class='ocrx_word' id='word_1_78' title='bbox 1161 958 1228 990; x_wconf 91' lang='lat' dir='ltr'>alia</span> <span class='ocrx_word' id='word_1_79' title='bbox 1245 958 1338 1000; x_wconf 89' lang='lat' dir='ltr'>apud</span> <span class='ocrx_word' id='word_1_80' title='bbox 1355 958 1451 991; x_wconf 84' lang='lat' dir='ltr'>alios.</span> 
     </span>
    </p>

    <p class='ocr_par' dir='ltr' id='par_1_5' title="bbox 268 1012 1626 1278">
     <span class='ocr_line' id='line_1_12' title="bbox 319 1012 1624 1056; baseline 0.001 -11"><span class='ocrx_word' id='word_1_81' title='bbox 319 1012 496 1056; x_wconf 87' lang='lat' dir='ltr'>Rupertus</span> <span class='ocrx_word' id='word_1_82' title='bbox 523 1012 705 1046; x_wconf 88' lang='lat' dir='ltr'>Holcotius</span> <span class='ocrx_word' id='word_1_83' title='bbox 731 1013 864 1056; x_wconf 84' lang='lat' dir='ltr'>primus</span> <span class='ocrx_word' id='word_1_84' title='bbox 890 1013 921 1045; x_wconf 89' lang='lat' dir='ltr'>ei</span> <span class='ocrx_word' id='word_1_85' title='bbox 946 1014 1096 1056; x_wconf 83' lang='lat' dir='ltr'>poemati</span> <span class='ocrx_word' id='word_1_86' title='bbox 1126 1013 1276 1046; x_wconf 84' lang='lat' dir='ltr'>auctoris</span> <span class='ocrx_word' id='word_1_87' title='bbox 1304 1024 1431 1046; x_wconf 91' lang='lat' dir='ltr'>nomen</span> <span class='ocrx_word' id='word_1_88' title='bbox 1460 1014 1624 1052; x_wconf 86' lang='lat' dir='ltr'>restituit,</span> 
     </span>
     <span class='ocr_line' id='line_1_13' title="bbox 271 1068 1626 1111; baseline 0.001 -10"><span class='ocrx_word' id='word_1_89' title='bbox 271 1079 349 1102; x_wconf 83' lang='lat' dir='ltr'>cum</span> <span class='ocrx_word' id='word_1_90' title='bbox 378 1069 445 1101; x_wconf 87' lang='lat' dir='ltr'>viri</span> <span class='ocrx_word' id='word_1_91' title='bbox 475 1069 628 1111; x_wconf 90' lang='lat' dir='ltr'>alioquin</span> <span class='ocrx_word' id='word_1_92' title='bbox 657 1069 785 1102; x_wconf 89' lang='lat' dir='ltr'>eruditi</span> <span class='ocrx_word' id='word_1_93' title='bbox 815 1079 895 1101; x_wconf 89' lang='lat' dir='ltr'>eum</span> <span class='ocrx_word' id='word_1_94' title='bbox 923 1068 1185 1102; x_wconf 88' lang='lat' dir='ltr'>Anticlaudiani</span> <span class='ocrx_word' id='word_1_95' title='bbox 1215 1069 1354 1102; x_wconf 87' lang='lat' dir='ltr'>nomine</span> <span class='ocrx_word' id='word_1_96' title='bbox 1383 1073 1522 1102; x_wconf 89' lang='lat' dir='ltr'>tantum</span> <span class='ocrx_word' id='word_1_97' title='bbox 1552 1070 1626 1102; x_wconf 89' lang='lat' dir='ltr'>lau-</span> 
     </span>
     <span class='ocr_line' id='line_1_14' title="bbox 271 1123 1625 1167; baseline -0.001 -10"><span class='ocrx_word' id='word_1_98' title='bbox 271 1125 363 1157; x_wconf 88' lang='lat' dir='ltr'>dent.</span> <span class='ocrx_word' id='word_1_99' title='bbox 414 1124 457 1157; x_wconf 95' lang='lat' dir='ltr'>In</span> <span class='ocrx_word' id='word_1_100' title='bbox 474 1124 528 1156; x_wconf 86' lang='lat' dir='ltr'>his</span> <span class='ocrx_word' id='word_1_101' title='bbox 546 1124 751 1163; x_wconf 88' lang='lat' dir='ltr'>Germanus,</span> <span class='ocrx_word' id='word_1_102' title='bbox 769 1124 910 1163; x_wconf 82' lang='lat' dir='ltr'>savaro,</span> <span class='ocrx_word' id='word_1_103' title='bbox 928 1123 951 1156; x_wconf 90' lang='lat' dir='ltr'><strong>J</strong></span> <span class='ocrx_word' id='word_1_104' title='bbox 952 1135 1002 1157; x_wconf 90' lang='lat' dir='ltr'>ac.</span> <span class='ocrx_word' id='word_1_105' title='bbox 1019 1123 1172 1163; x_wconf 85' lang='lat' dir='ltr'>Lectius,</span> <span class='ocrx_word' id='word_1_106' title='bbox 1191 1124 1251 1157; x_wconf 87' lang='lat' dir='ltr'>Fr.</span> <span class='ocrx_word' id='word_1_107' title='bbox 1270 1123 1436 1164; x_wconf 89' lang='lat' dir='ltr'>Turetus,</span> <span class='ocrx_word' id='word_1_108' title='bbox 1463 1124 1625 1167; x_wconf 84' lang='lat' dir='ltr'>Baptista</span> 
     </span>
     <span class='ocr_line' id='line_1_15' title="bbox 270 1178 1623 1224; baseline 0.001 -13"><span class='ocrx_word' id='word_1_109' title='bbox 270 1179 356 1212; x_wconf 91' lang='lat' dir='ltr'>Pius</span> <span class='ocrx_word' id='word_1_110' title='bbox 374 1178 615 1217; x_wconf 82' lang='lat' dir='ltr'>Bononiensis,</span> <span class='ocrx_word' id='word_1_111' title='bbox 633 1184 667 1212; x_wconf 90' lang='lat' dir='ltr'>et</span> <span class='ocrx_word' id='word_1_112' title='bbox 684 1180 754 1218; x_wconf 86' lang='lat' dir='ltr'>alii,</span> <span class='ocrx_word' id='word_1_113' title='bbox 778 1180 858 1213; x_wconf 85' lang='lat' dir='ltr'>licet</span> <span class='ocrx_word' id='word_1_114' title='bbox 880 1180 911 1213; x_wconf 89' lang='lat' dir='ltr'>ei</span> <span class='ocrx_word' id='word_1_115' title='bbox 934 1191 1057 1224; x_wconf 88' lang='lat' dir='ltr'>parum</span> <span class='ocrx_word' id='word_1_116' title='bbox 1080 1191 1210 1224; x_wconf 91' lang='lat' dir='ltr'>aequus</span> <span class='ocrx_word' id='word_1_117' title='bbox 1233 1181 1279 1213; x_wconf 86' lang='lat' dir='ltr'>sit</span> <span class='ocrx_word' id='word_1_118' title='bbox 1302 1179 1415 1214; x_wconf 90' lang='lat' dir='ltr'>Lilius</span> <span class='ocrx_word' id='word_1_119' title='bbox 1438 1179 1623 1224; x_wconf 86' lang='lat' dir='ltr'>Gyraldus.</span> 
     </span>
     <span class='ocr_line' id='line_1_16' title="bbox 268 1234 413 1278; baseline 0.007 -11"><span class='ocrx_word' id='word_1_120' title='bbox 268 1234 413 1278; x_wconf 83' lang='lat' dir='ltr'>Scripsit</span> 
     </span>
    </p>
   </div>
   <div class='ocr_carea' id='block_1_5' title="bbox 409 1290 1319 2269">
    <p class='ocr_par' dir='ltr' id='par_1_6' title="bbox 409 1290 1319 2269">
     <span class='ocr_line' id='line_1_17' title="bbox 411 1290 1319 1327; baseline 0.004 -4"><span class='ocrx_word' id='word_1_121' title='bbox 411 1290 465 1324; x_wconf 91' lang='lat' dir='ltr'>De</span> <span class='ocrx_word' id='word_1_122' title='bbox 482 1290 603 1323; x_wconf 88' lang='lat' dir='ltr'>Officio</span> <span class='ocrx_word' id='word_1_123' title='bbox 621 1290 698 1324; x_wconf 85' lang='lat' dir='ltr'>Viri</span> <span class='ocrx_word' id='word_1_124' title='bbox 716 1291 797 1324; x_wconf 90' lang='lat' dir='ltr'>boni</span> <span class='ocrx_word' id='word_1_125' title='bbox 1185 1293 1244 1326; x_wconf 84' lang='lat' dir='ltr'>lib.</span> <span class='ocrx_word' id='word_1_126' title='bbox 1264 1302 1319 1327; x_wconf 83' lang='lat' dir='ltr'>IX.</span> 
     </span>
     <span class='ocr_line' id='line_1_18' title="bbox 411 1345 1318 1389; baseline 0.003 -11"><span class='ocrx_word' id='word_1_127' title='bbox 411 1345 523 1389; x_wconf 89' lang='lat' dir='ltr'>Super</span> <span class='ocrx_word' id='word_1_128' title='bbox 540 1346 736 1379; x_wconf 87' lang='lat' dir='ltr'>Sententias</span> <span class='ocrx_word' id='word_1_129' title='bbox 1187 1349 1246 1381; x_wconf 91' lang='lat' dir='ltr'>lib.</span> <span class='ocrx_word' id='word_1_130' title='bbox 1266 1357 1318 1381; x_wconf 80' lang='lat' dir='ltr'>IV.</span> 
     </span>
     <span class='ocr_line' id='line_1_19' title="bbox 410 1401 1288 1444; baseline 0 -9"><span class='ocrx_word' id='word_1_131' title='bbox 410 1402 561 1435; x_wconf 87' lang='lat' dir='ltr'>Oculum</span> <span class='ocrx_word' id='word_1_132' title='bbox 578 1413 693 1436; x_wconf 88' lang='lat' dir='ltr'>sacrae</span> <span class='ocrx_word' id='word_1_133' title='bbox 711 1401 909 1444; x_wconf 83' lang='lat' dir='ltr'>Scripturae</span> <span class='ocrx_word' id='word_1_134' title='bbox 1184 1403 1244 1435; x_wconf 85' lang='lat' dir='ltr'>lib.</span> <span class='ocrx_word' id='word_1_135' title='bbox 1264 1411 1288 1435; x_wconf 87' lang='grc' dir='ltr'>Ι.</span> 
     </span>
     <span class='ocr_line' id='line_1_20' title="bbox 410 1457 1288 1491; baseline 0.001 -1"><span class='ocrx_word' id='word_1_136' title='bbox 410 1457 464 1490; x_wconf 89' lang='lat' dir='ltr'>De</span> <span class='ocrx_word' id='word_1_137' title='bbox 481 1457 649 1490; x_wconf 86' lang='lat' dir='ltr'>Doctrina</span> <span class='ocrx_word' id='word_1_138' title='bbox 1184 1458 1243 1491; x_wconf 92' lang='lat' dir='ltr'>lib.</span> <span class='ocrx_word' id='word_1_139' title='bbox 1264 1467 1288 1491; x_wconf 91' lang='grc' dir='ltr'>Ι.</span> 
     </span>
     <span class='ocr_line' id='line_1_21' title="bbox 413 1512 1295 1556; baseline 0 -10"><span class='ocrx_word' id='word_1_140' title='bbox 413 1512 456 1546; x_wconf 94' lang='lat' dir='ltr'>In</span> <span class='ocrx_word' id='word_1_141' title='bbox 474 1513 627 1555; x_wconf 91' lang='lat' dir='ltr'>quinque</span> <span class='ocrx_word' id='word_1_142' title='bbox 644 1512 768 1546; x_wconf 90' lang='lat' dir='ltr'>Libros</span> <span class='ocrx_word' id='word_1_143' title='bbox 787 1512 921 1556; x_wconf 85' lang='lat' dir='ltr'>Moysis</span> <span class='ocrx_word' id='word_1_144' title='bbox 1180 1514 1240 1546; x_wconf 89' lang='lat' dir='ltr'>lib.</span> <span class='ocrx_word' id='word_1_145' title='bbox 1259 1522 1295 1546; x_wconf 85' lang='lat' dir='ltr'>v.</span> 
     </span>
     <span class='ocr_line' id='line_1_22' title="bbox 413 1567 1286 1602; baseline 0.002 -2"><span class='ocrx_word' id='word_1_146' title='bbox 413 1567 456 1601; x_wconf 92' lang='lat' dir='ltr'>In</span> <span class='ocrx_word' id='word_1_147' title='bbox 474 1568 618 1600; x_wconf 86' lang='lat' dir='ltr'>Cantica</span> <span class='ocrx_word' id='word_1_148' title='bbox 635 1567 859 1602; x_wconf 82' lang='lat' dir='ltr'>canticorum</span> <span class='ocrx_word' id='word_1_149' title='bbox 1182 1569 1241 1602; x_wconf 94' lang='lat' dir='ltr'>lib.</span> <span class='ocrx_word' id='word_1_150' title='bbox 1261 1577 1286 1602; x_wconf 88' lang='grc' dir='ltr'>Ι.</span> 
     </span>
     <span class='ocr_line' id='line_1_23' title="bbox 409 1623 1316 1658; baseline 0.002 -2"><span class='ocrx_word' id='word_1_151' title='bbox 409 1623 463 1656; x_wconf 89' lang='lat' dir='ltr'>De</span> <span class='ocrx_word' id='word_1_152' title='bbox 481 1623 701 1656; x_wconf 87' lang='lat' dir='ltr'>Poenitentia</span> <span class='ocrx_word' id='word_1_153' title='bbox 1184 1625 1244 1658; x_wconf 88' lang='lat' dir='ltr'>lib.</span> <span class='ocrx_word' id='word_1_154' title='bbox 1264 1633 1316 1658; x_wconf 83' lang='lat' dir='ltr'>IV.</span> 
     </span>
     <span class='ocr_line' id='line_1_24' title="bbox 410 1678 1286 1722; baseline 0.003 -11"><span class='ocrx_word' id='word_1_155' title='bbox 410 1678 465 1711; x_wconf 86' lang='lat' dir='ltr'>De</span> <span class='ocrx_word' id='word_1_156' title='bbox 482 1679 677 1722; x_wconf 88' lang='lat' dir='ltr'>aequivocis</span> <span class='ocrx_word' id='word_1_157' title='bbox 695 1679 856 1722; x_wconf 85' lang='lat' dir='ltr'>Mysticis</span> <span class='ocrx_word' id='word_1_158' title='bbox 1181 1681 1241 1714; x_wconf 87' lang='lat' dir='ltr'>lib.</span> <span class='ocrx_word' id='word_1_159' title='bbox 1262 1690 1286 1714; x_wconf 90' lang='grc' dir='ltr'>Ι.</span> 
     </span>
     <span class='ocr_line' id='line_1_25' title="bbox 410 1734 1286 1770; baseline 0.002 -3"><span class='ocrx_word' id='word_1_160' title='bbox 410 1734 464 1767; x_wconf 89' lang='lat' dir='ltr'>De</span> <span class='ocrx_word' id='word_1_161' title='bbox 482 1734 631 1767; x_wconf 88' lang='lat' dir='ltr'>Planctu</span> <span class='ocrx_word' id='word_1_162' title='bbox 648 1734 805 1768; x_wconf 84' lang='lat' dir='ltr'>Naturae</span> <span class='ocrx_word' id='word_1_163' title='bbox 1180 1736 1241 1770; x_wconf 86' lang='lat' dir='ltr'>lib.</span> <span class='ocrx_word' id='word_1_164' title='bbox 1261 1744 1286 1769; x_wconf 89' lang='grc' dir='ltr'>Ι.</span> 
     </span>
     <span class='ocr_line' id='line_1_26' title="bbox 410 1790 1289 1824; baseline 0.001 -1"><span class='ocrx_word' id='word_1_165' title='bbox 410 1790 464 1823; x_wconf 90' lang='lat' dir='ltr'>De</span> <span class='ocrx_word' id='word_1_166' title='bbox 482 1790 661 1823; x_wconf 88' lang='lat' dir='ltr'>Parabolis</span> <span class='ocrx_word' id='word_1_167' title='bbox 1184 1791 1244 1824; x_wconf 88' lang='lat' dir='ltr'>lib.</span> <span class='ocrx_word' id='word_1_168' title='bbox 1264 1800 1289 1824; x_wconf 88' lang='lat'>1.</span> 
     </span>
     <span class='ocr_line' id='line_1_27' title="bbox 409 1845 1288 1888; baseline 0 -9"><span class='ocrx_word' id='word_1_169' title='bbox 409 1846 462 1879; x_wconf 89' lang='lat' dir='ltr'>De</span> <span class='ocrx_word' id='word_1_170' title='bbox 479 1845 568 1878; x_wconf 88' lang='lat' dir='ltr'>Arte</span> <span class='ocrx_word' id='word_1_171' title='bbox 584 1845 803 1888; x_wconf 89' lang='lat' dir='ltr'>praedicandi</span> <span class='ocrx_word' id='word_1_172' title='bbox 1183 1847 1243 1879; x_wconf 85' lang='lat' dir='ltr'>lib.</span> <span class='ocrx_word' id='word_1_173' title='bbox 1263 1855 1288 1879; x_wconf 93' lang='lat'>1.</span> 
     </span>
     <span class='ocr_line' id='line_1_28' title="bbox 409 1901 1287 1935; baseline -0.001 -1"><span class='ocrx_word' id='word_1_174' title='bbox 409 1901 463 1934; x_wconf 91' lang='lat' dir='ltr'>De</span> <span class='ocrx_word' id='word_1_175' title='bbox 480 1901 626 1934; x_wconf 89' lang='lat' dir='ltr'>Naturis</span> <span class='ocrx_word' id='word_1_176' title='bbox 643 1901 861 1934; x_wconf 85' lang='lat' dir='ltr'>Animalium</span> <span class='ocrx_word' id='word_1_177' title='bbox 1183 1902 1242 1935; x_wconf 85' lang='lat' dir='ltr'>lib.</span> <span class='ocrx_word' id='word_1_178' title='bbox 1264 1911 1287 1934; x_wconf 88' lang='lat'>1.</span> 
     </span>
     <span class='ocr_line' id='line_1_29' title="bbox 412 1956 1287 2000; baseline 0 -11"><span class='ocrx_word' id='word_1_179' title='bbox 412 1956 652 2000; x_wconf 87' lang='lat' dir='ltr'>Epistolarum</span> <span class='ocrx_word' id='word_1_180' title='bbox 1183 1958 1242 1991; x_wconf 90' lang='lat' dir='ltr'>lib.</span> <span class='ocrx_word' id='word_1_181' title='bbox 1263 1966 1287 1990; x_wconf 91' lang='grc' dir='ltr'>Ι.</span> 
     </span>
     <span class='ocr_line' id='line_1_30' title="bbox 412 2011 1287 2050; baseline 0.002 -6"><span class='ocrx_word' id='word_1_182' title='bbox 412 2011 619 2050; x_wconf 87' lang='lat' dir='ltr'>Quodlibeta</span> <span class='ocrx_word' id='word_1_183' title='bbox 1182 2014 1242 2046; x_wconf 86' lang='lat' dir='ltr'>lib.</span> <span class='ocrx_word' id='word_1_184' title='bbox 1262 2021 1287 2045; x_wconf 88' lang='grc' dir='ltr'>Ι.</span> 
     </span>
     <span class='ocr_line' id='line_1_31' title="bbox 410 2066 1285 2102; baseline 0.003 -3"><span class='ocrx_word' id='word_1_185' title='bbox 410 2066 464 2099; x_wconf 92' lang='lat' dir='ltr'>De</span> <span class='ocrx_word' id='word_1_186' title='bbox 481 2078 540 2100; x_wconf 86' lang='lat' dir='ltr'>sex</span> <span class='ocrx_word' id='word_1_187' title='bbox 557 2067 635 2100; x_wconf 87' lang='lat' dir='ltr'>Alis</span> <span class='ocrx_word' id='word_1_188' title='bbox 654 2067 842 2101; x_wconf 88' lang='lat' dir='ltr'>Cherubim</span> <span class='ocrx_word' id='word_1_189' title='bbox 1179 2069 1239 2102; x_wconf 90' lang='lat' dir='ltr'>lib.</span> <span class='ocrx_word' id='word_1_190' title='bbox 1259 2077 1285 2101; x_wconf 87' lang='grc' dir='ltr'>Ι.</span> 
     </span>
     <span class='ocr_line' id='line_1_32' title="bbox 413 2121 1288 2159; baseline 0.003 -5"><span class='ocrx_word' id='word_1_191' title='bbox 413 2121 467 2155; x_wconf 91' lang='lat' dir='ltr'>De</span> <span class='ocrx_word' id='word_1_192' title='bbox 485 2122 628 2155; x_wconf 88' lang='lat' dir='ltr'>Summa</span> <span class='ocrx_word' id='word_1_193' title='bbox 644 2122 828 2156; x_wconf 84' lang='lat' dir='ltr'>Virtutum</span> <span class='ocrx_word' id='word_1_194' title='bbox 845 2130 879 2157; x_wconf 90' lang='lat' dir='ltr'>et</span> <span class='ocrx_word' id='word_1_195' title='bbox 896 2123 1073 2159; x_wconf 85' lang='lat' dir='ltr'>Vitiorum</span> <span class='ocrx_word' id='word_1_196' title='bbox 1182 2124 1242 2158; x_wconf 85' lang='lat' dir='ltr'>lib.</span> <span class='ocrx_word' id='word_1_197' title='bbox 1262 2133 1288 2157; x_wconf 90' lang='lat'>1.</span> 
     </span>
     <span class='ocr_line' id='line_1_33' title="bbox 414 2177 1284 2220; baseline 0.003 -10"><span class='ocrx_word' id='word_1_198' title='bbox 414 2177 595 2210; x_wconf 87' lang='lat' dir='ltr'>Sermones</span> <span class='ocrx_word' id='word_1_199' title='bbox 612 2179 728 2220; x_wconf 89' lang='lat' dir='ltr'>plures</span> <span class='ocrx_word' id='word_1_200' title='bbox 1180 2180 1240 2213; x_wconf 86' lang='lat' dir='ltr'>lib.</span> <span class='ocrx_word' id='word_1_201' title='bbox 1260 2188 1284 2212; x_wconf 96' lang='lat'>1.</span> 
     </span>
     <span class='ocr_line' id='line_1_34' title="bbox 414 2232 1285 2269; baseline 0.002 -4"><span class='ocrx_word' id='word_1_202' title='bbox 414 2232 687 2266; x_wconf 86' lang='lat' dir='ltr'>Commentarios</span> <span class='ocrx_word' id='word_1_203' title='bbox 706 2234 743 2266; x_wconf 89' lang='lat' dir='ltr'>in</span> <span class='ocrx_word' id='word_1_204' title='bbox 760 2233 876 2268; x_wconf 88' lang='lat' dir='ltr'>Biblia</span> <span class='ocrx_word' id='word_1_205' title='bbox 892 2245 988 2269; x_wconf 87' lang='lat' dir='ltr'>sacra</span> <span class='ocrx_word' id='word_1_206' title='bbox 1181 2235 1241 2268; x_wconf 83' lang='lat' dir='ltr'>lib.</span> <span class='ocrx_word' id='word_1_207' title='bbox 1261 2244 1285 2268; x_wconf 91' lang='lat'>1.</span> 
     </span>
    </p>
   </div>
   <div class='ocr_carea' id='block_1_6' title="bbox 415 2287 1283 2333">
    <p class='ocr_par' dir='ltr' id='par_1_7' title="bbox 415 2287 1283 2333">
     <span class='ocr_line' id='line_1_35' title="bbox 415 2287 1283 2333; baseline 0.001 -12"><span class='ocrx_word' id='word_1_208' title='bbox 415 2287 580 2322; x_wconf 88' lang='lat' dir='ltr'>Lecturas</span> <span class='ocrx_word' id='word_1_209' title='bbox 598 2288 635 2322; x_wconf 90' lang='lat' dir='ltr'>in</span> <span class='ocrx_word' id='word_1_210' title='bbox 653 2288 845 2333; x_wconf 86' lang='lat' dir='ltr'>Prophetas</span> <span class='ocrx_word' id='word_1_211' title='bbox 1180 2291 1240 2324; x_wconf 88' lang='lat' dir='ltr'>lib.</span> <span class='ocrx_word' id='word_1_212' title='bbox 1259 2299 1283 2323; x_wconf 90' lang='lat'>1.</span> 
     </span>
    </p>
   </div>
  </div>
 </body>
</html>
