1861 2682
576 223 747 255 GENTIS
772 221 1042 259 SCOTORUM,
1066 221 1153 252 LIB.
1177 221 1238 253 III.
1525 222 1586 253 175

520 314 641 342 scoticas
655 313 713 351 pati
728 313 850 351 pruinas.

280 371 379 404 Hanc
398 381 491 415 ergo,
510 371 562 403 uti
581 370 746 407 dicebam,
772 369 920 402 Romam
944 379 1102 402 reversus
1127 368 1267 401 Pudens
1290 367 1448 413 legitimo
1465 368 1585 400 matri-

227 428 344 460 monio
362 427 427 459 sibi
442 427 574 471 junxit.
626 425 717 459 Vide
736 426 889 458 Martial.
909 425 967 457 lib.
989 433 1040 457 IV.
1059 425 1168 469 epigr.
1189 433 1279 457 XIII.

274 482 399 515 Nescio
417 483 500 525 quid
519 482 677 525 improbo
695 482 823 514 Balaeo
841 481 876 513 in
894 485 1045 513 mentem
1064 481 1199 513 venerit
1219 480 1393 513 Hetrusco
1410 490 1489 512 eum
1507 490 1585 512 san-

225 539 331 582 guine
348 543 475 576 ortum,
495 539 568 571 sine
586 539 657 570 ullo
675 542 772 576 teste,
798 542 832 570 et
850 538 885 570 in
903 541 1103 570 senatorum
1121 547 1306 569 numerum
1329 536 1478 575 referre3
1506 547 1584 569 cum

224 604 302 626 eum
333 595 369 626 in
398 594 661 636 quatuordecim
687 595 774 627 locet
801 593 974 626 Martialis
999 594 1160 626 laudatus
1187 604 1303 636 supra,
1330 597 1365 626 et
1390 591 1448 626 lib.
1478 601 1501 624 I.
1529 603 1582 635 ep.

226 658 358 682 XXXII.

520 704 610 731 Grata
626 703 738 731 Pudens
754 704 847 731 meriti
863 703 961 732 tulerit
975 714 1037 732 cum
1054 705 1177 742 praemia
1190 703 1250 742 pili.

272 759 375 798 Quod
389 760 430 792 de
444 765 598 803 tempore
611 760 718 798 exilii,
732 764 766 792 et
780 760 982 803 nuptiarum
1000 772 1077 793 cum
1097 761 1253 800 Claudia,
1268 765 1359 794 certe
1371 765 1490 804 postea
1504 766 1525 780 “
1536 772 1586 794 se-

223 822 324 849 nator
342 816 385 849 ab
403 817 567 859 apostolis
587 816 729 849 Christo
747 817 783 848 in
802 816 974 859 baptismo
992 817 1170 856 vestituS‚'’
1192 818 1241 850 ait
1260 817 1489 862 Martyrolog.
1514 818 1585 851 Ro-

224 884 315 905 man.
336 881 422 905 xlx.
442 872 541 910 Maii,
569 876 588 890 “
606 872 822 905 innocentem
843 873 995 905 tunicam
1014 884 1123 916 usque
1147 874 1190 906 ad
1217 874 1309 907 vitae
1335 885 1496 907 coronam
1522 875 1586 907 im-

225 930 395 961 maculate
413 928 632 961 custodivit.”
662 927 795 960 Eadem
814 928 921 967 Beda,
940 928 1134 969 Usuardus,
1153 929 1234 962 Ado
1252 929 1452 963 Trevirens.
1467 935 1501 964 et
1514 931 1584 964 alii.

223 983 387 1017 Meminit
404 985 479 1028 ejus
497 984 610 1016 Divus
629 983 760 1016 Paulus
779 984 878 1026 epist.
899 993 940 1017 11.
959 985 1003 1017 ad
1021 985 1247 1019 Timotheum
1270 997 1344 1030 cap.
1364 996 1416 1019 IV.
1447 987 1484 1020 in
1506 987 1585 1026 fine,

223 1045 257 1073 et
276 1041 311 1072 in
330 1042 404 1085 ejus
424 1040 565 1073 aedibus
584 1040 628 1072 D.
649 1039 794 1073 Petrum
818 1041 1054 1083 apostolorum
1072 1042 1264 1086 principem
1282 1042 1415 1076 Romae
1433 1044 1586 1087 primum

223 1097 436 1129 diversatum
455 1102 616 1129 constans
635 1096 677 1129 ab
696 1096 905 1139 antiquitate
923 1096 1016 1130 fama
1038 1099 1221 1141 persuasit.
1249 1099 1378 1133 Baron.
1403 1100 1447 1133 ad
1473 1101 1586 1133 locum

223 1152 454 1196 Martyrolog.
479 1153 670 1185 laudatum.
701 1150 846 1185 Liberos
867 1158 983 1186 autern
1006 1155 1140 1197 peperit
1167 1155 1318 1188 Pudenti
1344 1155 1491 1189 Claudia
1516 1161 1586 1190 tres

222 1213 370 1247 sanctos,
406 1207 440 1240 N
443 1212 597 1246 ovatum,
635 1207 901 1247 pudentianam,
939 1209 1113 1244 Paxedem
1129 1221 1138 1250 ;
1174 1212 1216 1244 de
1245 1212 1372 1255 quibus
1403 1212 1475 1246 suis
1503 1213 1585 1246 locis

222 1265 285 1298 hoc
313 1275 424 1307 opere.
477 1263 551 1296 Nec
577 1274 659 1296 vero
685 1263 874 1297 Parsonius
901 1276 977 1298 eam
1002 1265 1157 1311 Anglam
1183 1267 1277 1306 facit,
1303 1269 1374 1301 imo
1399 1269 1524 1312 probat
1549 1270 1585 1302 in

221 1320 456 1354 Conversione
474 1319 670 1364 Anglicana
687 1330 757 1352 non
774 1320 929 1363 potuisse
947 1332 1020 1355 esse
1037 1322 1215 1367 Anglam3
1243 1329 1277 1358 et
1296 1324 1433 1358 Scotam
1450 1325 1534 1359 facit
1548 1335 1584 1358 v.

222 1379 261 1410 cl.
280 1376 440 1410 Andreas
459 1376 640 1409 Marianus
658 1375 837 1415 Lucensis,
856 1378 986 1417 doctor,
1012 1389 1051 1412 ac
1074 1379 1249 1422 professor
1272 1380 1451 1414 Bononiae
1474 1382 1585 1425 philo-

222 1433 373 1477 sophiae,
393 1434 429 1465 in
447 1433 557 1465 literis
574 1432 669 1465 hisce
687 1432 815 1466 nostris
834 1433 936 1478 longe
954 1435 1230 1469 versatissimus:
1253 1437 1282 1470 is
1301 1448 1383 1482 ergo
1401 1438 1438 1470 in
1457 1438 1584 1472 Ruinis

222 1490 355 1523 Romae
372 1490 430 1522 lib.
448 1498 506 1522 111.
524 1489 614 1533 epig.
630 1498 775 1522 XXXIV.
791 1490 838 1522 sic
853 1491 896 1523 ad
910 1490 1107 1533 pontificem
1121 1491 1306 1526 Urbanum
1319 1502 1391 1526 nx.
1406 1495 1562 1538 loquitur
1577 1506 1584 1528 :

516 1567 561 1595 Tu
579 1568 702 1596 Romane
718 1568 838 1602 Pudens,
855 1574 888 1596 tu
904 1568 1002 1597 Scotae
1017 1570 1135 1598 Claudia
1149 1572 1252 1608 gentis,

556 1614 685 1641 Pontifici
700 1615 821 1651 primum
836 1614 959 1652 panditis
973 1616 1135 1653 hospitium.

517 1659 666 1688 Fortunati
681 1661 769 1693 amhn,
784 1670 902 1698 quorum
917 1661 1014 1690 domus
1028 1663 1139 1700 hospita
1155 1664 1237 1692 Petro

554 1706 648 1734 Tutus
662 1711 721 1734 erat
735 1712 833 1744 portus
847 1708 926 1735 navis
939 1709 1114 1745 apostolicae.

518 1751 637 1780 Claudia
650 1752 764 1781 vestalis
778 1762 882 1780 numen
897 1763 1053 1791 navemque
1066 1756 1181 1792 recepit,

553 1798 636 1835 Cepit
648 1798 805 1825 naviculam
821 1799 947 1831 Claudia,
964 1800 1056 1834 Petre,
1071 1806 1158 1828 tuam.

273 1879 456 1922 Scripsisse
474 1883 589 1911 autem
608 1878 754 1912 Claudia
771 1880 898 1912 dicitur

364 1934 630 1978 Epigrammata
1090 1937 1149 1970 lib.
1170 1947 1194 1970 1.

271 1989 434 2023 Florebat
445 2001 535 2023 anno
547 1991 648 2024 salut.
662 1999 776 2023 XCIII.
789 1995 850 2024 aut
861 1997 998 2034 praeter
1009 1998 1161 2036 propter.
1186 1994 1275 2027 Eam
1289 1996 1393 2029 etiam
1408 1997 1499 2030 inter
1510 2009 1579 2032 ma-

223 2052 343 2079 tronas
374 2046 474 2078 laude
505 2047 735 2079 continentiae
765 2048 973 2082 clarissimas
1007 2055 1168 2083 numerat
1203 2051 1412 2086 Plutarchus
1446 2054 1504 2086 lib.
1537 2056 1577 2088 de

221 2103 370 2148 Conjug.
392 2103 567 2146 Praecept.
587 2104 630 2136 ad
650 2103 765 2136 finem.

673 2199 707 2231 S.
735 2198 994 2234 CLAUDIUS.
1046 2204 1127 2236 303.

222 2272 256 2304 S.
300 2271 517 2310 CLAUDIUS,
560 2270 702 2304 Alcuini
749 2271 840 2304 Scoti
883 2272 1022 2316 collega,
1065 2280 1292 2318 cognomento
1335 2277 1504 2315 Clemens,
1542 2279 1578 2311 in

222 2327 405 2360 academiis
435 2327 622 2360 Parisiensi
648 2331 682 2360 et
709 2327 885 2359 Ticinensi
912 2328 1083 2372 erigendis
1110 2340 1247 2372 operam
1275 2333 1427 2364 navavit.
1459 2332 1577 2377 Aegy-
