1861 2682
853 254 921 292 viii

217 358 364 397 abhinc
384 357 500 396 annis
520 357 664 395 habuit
683 356 834 396 amicus
854 369 968 395 meus
988 355 1086 394 Adr.
1112 354 1229 393 Cath.
1258 352 1436 400 Holtius,
1458 355 1561 407 juris

217 420 343 459 civilis
364 420 406 459 in
427 420 629 458 academia
650 419 891 458 Lovaniensi
917 418 1116 470 professor
1143 417 1407 455 doctissimus.
1464 417 1563 455 Ora-

218 483 371 521 tionem
403 482 452 520 de
487 482 622 520 studio
650 482 826 533 poetices
857 479 1143 532 conjungendo
1173 492 1264 517 cum
1297 478 1433 517 studio
1458 479 1562 530 juris

220 544 406 590 Romani,
438 557 544 582 anno
575 545 677 585 1693
708 543 990 594 Franequerae
1019 541 1216 580 habuerat
1244 539 1458 579 Cornelius
1486 553 1563 578 van

219 606 317 645 Eck.
375 606 530 657 Utique
550 606 686 644 sordet
705 606 792 644 sine
811 604 939 643 literis
961 602 1306 655 jurisprudentia3
1334 602 1392 640 ita
1420 608 1462 641 et
1489 602 1563 640 tibi

214 667 540 720 jurisconsultus,
561 667 692 706 omnis
715 680 844 719 paene
869 666 1109 705 eruditionis
1137 678 1278 717 expers
1304 670 1427 716 atque
1453 664 1565 716 igna-

219 744 297 776 rus,
318 729 423 768 nihil
443 736 503 768 est
523 729 599 768 nisi
620 728 830 781 leguleius.
888 729 944 767 At
964 727 1241 779 Dempsterus,
1266 727 1453 765 omnibus
1478 727 1563 765 fere

218 792 425 844 praesidiis
446 792 680 837 instructus,
700 790 958 842 antiquitatis
978 790 1161 828 eruditae
1181 788 1365 827 studium
1386 789 1437 827 ad
1457 795 1565 827 vete-

218 868 310 892 rum
326 853 656 906 jurisperitorum
676 852 990 904 intelligentiam
1012 852 1220 890 referebat.
1279 851 1423 889 Rosini
1444 851 1564 889 Anti-

219 916 396 967 quitates
417 916 620 954 Romanas
647 929 729 954 non
755 928 898 967 parum
926 914 1201 966 locupletavit,
1233 915 1402 966 ejusque
1429 913 1565 957 editio,

218 992 322 1031 quae
343 978 533 1016 Lutetiae
555 977 799 1016 Parisiorum
820 977 971 1028 prodiit
991 990 1098 1015 anno
1122 976 1236 1021 1613,
1252 976 1409 1027 saepius
1431 981 1492 1014 est
1507 989 1567 1013 re-

219 1041 357 1093 petita,
392 1039 687 1091 elegantissime
718 1053 812 1077 vero
846 1038 1138 1077 Amstelodami
1176 1051 1283 1076 anno
1316 1041 1419 1078 1743
1437 1052 1445 1075 ε
1485 1050 1567 1088 quo

219 1103 384 1155 quidem
419 1116 538 1154 opere
577 1101 753 1153 plurima
787 1100 891 1152 juris
930 1099 1057 1138 civilis
1095 1099 1227 1151 capita
1265 1099 1566 1151 expenduntur.

221 1166 322 1217 Ejus
343 1177 506 1216 quoque
527 1162 690 1201 libellus
710 1168 781 1207 est,
802 1168 823 1184 “
839 1161 985 1207 Κεξαυνός
1001 1161 1057 1195 καὶ
1074 1160 1209 1200 Ὀἓελός
1228 1161 1269 1199 in
1285 1160 1407 1199 libros
1426 1175 1478 1199 1v.
1501 1161 1569 1199 In-

220 1227 517 1266 stitutionum.”
577 1224 794 1269 Bononiae,
833 1224 946 1269 1622,
982 1228 1069 1262 Svo.
1129 1223 1196 1268 Et,
1230 1228 1334 1261 teste
1365 1223 1487 1260 Petro
1519 1223 1569 1261 de

222 1289 418 1340 Ludewig
438 1288 479 1326 in
500 1287 596 1325 Vita
616 1286 640 1324 J
646 1286 838 1324 ustiniani
859 1299 896 1337 p.
917 1290 979 1331 45,
1001 1291 1020 1307 “
1040 1291 1219 1323 meretur
1238 1283 1402 1323 libellus
1418 1285 1570 1329 recudi,

222 1366 314 1391 cum
335 1357 445 1389 totus
465 1349 517 1387 sit
537 1349 579 1386 in
600 1348 913 1399 antiquitatibus
935 1347 1140 1393 Romanis,
1156 1352 1198 1385 et
1217 1347 1406 1385 notandis
1426 1347 1570 1385 errori-

221 1415 296 1452 bus
316 1413 358 1451 in
375 1414 468 1464 jure
483 1411 509 1449 J
512 1410 774 1449 ustinianeo.'’
833 1410 976 1448 Edidit
992 1409 1169 1461 denique
1186 1409 1453 1461 Dempsterus
1469 1415 1489 1431 “
1506 1408 1568 1446 De

222 1477 245 1514 J
250 1480 462 1514 uramento
481 1473 550 1512 lib.
573 1487 637 1511 111.
689 1472 820 1511 Locus
841 1486 891 1511 ex
911 1472 1051 1523 Antiq.
1070 1472 1186 1510 Rom.
1202 1476 1453 1509 retractatus.
1503 1471 1571 1509 Sa-

223 1538 428 1577 tisfactum
450 1536 596 1574 Famae
617 1533 710 1572 Illmi
733 1534 779 1572 B.
796 1534 853 1572 M.
869 1533 1095 1573 Cardinalis
1113 1532 1361 1578 Bellarmini,
1378 1532 1449 1584 qui
1470 1532 1569 1571 falso

223 1598 543 1644 insimulabatur,
564 1596 799 1648 theologice,
816 1597 1000 1649 juridice,
1026 1595 1226 1641 historice,
1252 1595 1493 1646 antiquarie,
1521 1609 1568 1633 ex

224 1662 436 1713 utriusque
465 1659 639 1711 linguae,
666 1658 848 1697 omnium
877 1658 1072 1709 gentium,
1103 1657 1233 1695 omnis
1266 1657 1409 1696 aetatis
1442 1657 1571 1695 moni-

225 1724 406 1763 mentis.”
465 1722 684 1767 Bononiae,
709 1721 822 1766 1623,
843 1723 928 1759 8vo.

279 1786 357 1825 Sed
382 1784 773 1838 praestantissimum
802 1782 1033 1834 Dempsteri
1061 1795 1160 1834 opus
1187 1781 1272 1820 sine
1303 1781 1571 1820 controversia

226 1848 329 1887 illud
349 1854 408 1886 est
429 1847 539 1899 quod
560 1846 772 1898 inscripsit,
799 1846 861 1884 De
880 1845 1052 1883 Etruria
1078 1844 1222 1896 Regali
1236 1860 1251 1887 ;
1284 1857 1395 1895 opus,
1419 1849 1468 1882 ut
1500 1842 1569 1882 ille

225 1912 291 1957 ait,
313 1924 362 1949 ex
382 1910 511 1948 tribus
531 1914 743 1947 auctorum
763 1906 943 1945 millibus
964 1905 1188 1945 collectum.
1245 1906 1486 1957 Susceptum
1512 1912 1572 1944 est

226 1980 268 2013 et
287 1974 371 2025 jam
395 1971 447 2010 ad
473 1970 712 2009 umbilicum
738 1970 981 2022 perductum
1008 1982 1100 2007 cum
1126 1968 1168 2006 in
1196 1967 1398 2006 academia
1428 1967 1572 2006 Pisana

222 2038 290 2087 jus
309 2033 425 2073 civile
446 2033 618 2078 doceret,
639 2032 681 2070 id
696 2038 766 2077 est,
782 2032 889 2070 intra
904 2037 984 2070 tres
1001 2036 1161 2069 tantum
1178 2043 1314 2075 annos,
1330 2035 1382 2076 et,
1397 2029 1429 2068 si
1445 2030 1574 2068 omni-

226 2100 302 2136 bus
313 2097 394 2136 suis
404 2095 583 2134 numeris
594 2108 675 2133 non
688 2093 907 2146 expletum,
921 2092 1126 2144 egregium
1137 2098 1245 2131 certe
1259 2097 1572 2130 monumentum

228 2159 381 2212 ingenii
402 2164 463 2197 est
482 2164 523 2196 et
543 2156 792 2196 eruditionis.
849 2155 1081 2194 Centesimo
1101 2154 1184 2193 fere
1210 2167 1317 2192 anno
1345 2159 1436 2206 post
1462 2167 1573 2205 prae-

226 2228 428 2261 maturam
448 2218 681 2271 Dempsteri
701 2224 885 2263 mortem,
904 2217 1057 2269 prodiit
1077 2216 1242 2254 tandem
1263 2216 1304 2254 in
1325 2215 1456 2254 lucem
1478 2229 1573 2253 cura

227 2291 268 2324 et
301 2282 529 2335 sumptibus
561 2280 875 2333 splendidissimi
915 2285 955 2318 et
995 2278 1238 2318 ornatissimi
1277 2277 1351 2315 viri
1391 2276 1574 2315 Thomae
