1861 2682
242 227 302 259 190
614 226 841 258 HISTORIA
865 226 1228 258 ECCLESIASTICA

543 340 793 374 GEORGIUS
819 339 1170 372 CRICHTONIUS.
1221 341 1303 372 343.

245 430 451 464 GEORGIUS
468 429 701 466 Crichtonius,
720 438 780 460 seu
799 427 1003 464 Crittonius,
1022 426 1139 458 eadem
1157 430 1271 469 gente,
1289 426 1349 459 sed
1368 437 1438 459 non
1456 427 1599 465 familia⁷

244 492 346 519 natus
360 485 569 529 Edimburgi
584 484 737 517 honestis
756 482 968 526 parentibus,
986 480 1139 513 Parisios
1153 481 1259 519 venit,
1275 492 1456 514 commune
1470 483 1597 515 scilicet

244 542 423 574 literarum
446 541 651 584 emporium,
675 539 854 581 coepitque
876 536 1097 569 humaniores
1121 536 1238 569 literas
1262 537 1416 579 profiteri
1438 538 1475 570 in
1493 537 1598 571 Beco-

244 598 357 636 diano,
376 596 537 630 Galandii
555 595 730 638 auspiciis,
751 604 841 626 anno
861 600 1096 625 MDLXXXIv.
1123 593 1366 625 amoenissimo
1391 594 1451 625 sed
1474 604 1598 636 parum

243 653 412 686 laborioso
430 652 579 696 ingenio,
599 661 726 694 magna
743 650 780 682 in
796 653 944 690 utraque
957 648 1079 691 lingua
1091 647 1262 687 facundia,
1276 648 1385 681 bonus
1399 659 1512 691 prosa,
1529 660 1597 681 me-

243 709 309 741 lior
336 717 461 746 versu3
492 706 666 750 professor
695 705 812 749 regius
844 703 1052 736 Graecarum
1080 703 1116 735 in
1142 704 1260 736 eadem
1287 704 1461 737 academia
1485 705 1600 737 litera-

243 775 332 803 rum,
354 763 450 808 genti
472 762 631 806 gloriam,
657 761 723 794 sibi
748 760 889 792 divitias
915 759 1059 801 peperit.
1111 757 1201 802 Ejus
1228 764 1310 792 sunt
1336 770 1439 802 opera
1464 759 1600 792 infinita

243 820 344 852 edita.
395 818 475 863 Ego
491 828 600 860 pauca
617 817 803 849 admodum
821 815 904 853 vidi,
922 825 1010 857 quae
1027 814 1220 858 subjiciam.

386 873 510 907 Castra
527 873 724 906 Becodiana
1228 871 1287 904 lib.
1308 880 1332 904 1.

385 929 501 963 Sortes
521 929 726 962 Homericae
1225 927 1284 960 lib.
1306 936 1330 960 1.
1350 926 1454 960 Actio
1472 932 1601 960 extem-

433 986 561 1028 poralis
580 985 617 1018 in
640 988 763 1017 senatu
787 984 917 1022 habita,
944 987 1150 1027 argumento
1174 982 1217 1015 ab
1242 982 1388 1016 Homeri
1412 984 1485 1016 loco
1509 988 1601 1016 sorte

433 1046 552 1084 aperto
575 1041 769 1083 desumpto,
796 1051 865 1082 qua
890 1040 1017 1071 ducum
1042 1038 1310 1071 Homericorum
1334 1039 1482 1072 virtutes
1504 1050 1601 1072 sena-

434 1097 567 1130 toribus
591 1096 830 1139 praesentibus
853 1095 942 1127 mira
964 1094 1161 1136 eloquentia
1186 1105 1225 1127 ac
1250 1094 1414 1127 felicitate
1439 1095 1598 1137 applicat,

433 1165 502 1197 qua
529 1153 633 1185 etiam
661 1152 912 1195 competitores,
939 1154 973 1183 et
1003 1150 1039 1182 in
1068 1150 1123 1182 his
1155 1149 1359 1183 Parentium
1388 1150 1599 1187 Parisinum,

431 1209 565 1242 ambitu
582 1208 716 1252 dejecit.

387 1265 581 1298 Cathedrae
602 1263 858 1297 Cameracensis
882 1262 1041 1300 Querela,
1068 1262 1109 1294 de
1131 1266 1294 1304 corrupta
1317 1261 1510 1295 academiae
1533 1261 1600 1293 dis·

433 1322 569 1364 ciplina,
583 1325 617 1353 et
628 1320 843 1362 publicorum
856 1317 1089 1360 professorum
1102 1318 1247 1355 vilitate,
1256 1317 1314 1350 lib.
1335 1327 1359 1350 1.

386 1377 634 1411 Genethliacon
653 1374 819 1417 Delphini
1254 1373 1313 1405 lib,
1335 1382 1359 1405 1.

387 1432 609 1466 Emblemata
626 1431 716 1463 Duci
735 1429 857 1462 Suillio
1254 1428 1314 1461 lib.
1335 1438 1358 1460 1.

386 1489 571 1521 Orationes
590 1498 652 1530 pro
670 1486 843 1518 reddendo
862 1489 942 1518 voto
1255 1484 1314 1516 lib.
1336 1493 1360 1516 1.

387 1544 491 1577 Actio
508 1543 654 1576 forensis
673 1553 750 1574 cuin
770 1541 942 1579 Richerio,
961 1541 1020 1584 qui
1040 1541 1076 1573 in
1090 1541 1188 1573 illum
1206 1540 1356 1582 scripsit,
1375 1540 1433 1573 lib.
1456 1549 1480 1572 Ι.

385 1600 586 1644 Augurium
617 1598 749 1630 Galliae
778 1597 944 1635 faustum,
975 1597 1058 1629 dum
1092 1607 1135 1629 ex
1168 1596 1447 1640 peregrinatione
1482 1596 1599 1629 votiva

436 1655 594 1688 Romana
611 1654 724 1691 rediit,
1254 1651 1313 1684 lib.
1334 1660 1358 1684 1.

388 1711 623 1744 Praefationes
656 1710 691 1741 in
719 1719 836 1742 omnes
864 1719 950 1750 pene
981 1708 1106 1751 probos
1132 1707 1303 1741 Auctores
1329 1706 1477 1740 Graecos
1504 1707 1601 1740 Lati—

433 1778 564 1810 nosque
1255 1763 1313 1796 lib.
1335 1772 1359 1795 Ι.

384 1824 548 1856 Poemata
566 1823 716 1865 plurima
1253 1819 1312 1852 lib.
1333 1827 1358 1851 1.

292 1881 445 1913 Uxorem
463 1880 612 1911 duxerat
629 1878 758 1911 Adami
782 1878 990 1911 Blacvodaei
1016 1876 1200 1918 municipis
1227 1875 1456 1908 Pictaviensis
1483 1874 1598 1911 filiani,

242 1948 281 1968 ex
300 1947 369 1979 qua
388 1936 484 1968 nulla
502 1936 596 1977 prole
614 1938 782 1977 suscepta,
802 1934 887 1967 obiit
905 1944 996 1966 anno
1017 1940 1162 1964 MDCXI.
1189 1931 1243 1963 die
1268 1939 1354 1963 VIII.
1377 1929 1522 1973 Aprilis,
1549 1941 1600 1963 se-

242 1993 359 2034 pultus
380 1992 421 2023 ad
439 1990 697 2023 Dominicanos.

530 2099 820 2134 GULIELMUS
846 2098 1176 2133 CRICHTONUS.
1229 2100 1309 2131 344.

242 2216 484 2248 GULIELMUS
529 2213 748 2251 Crichtonus,
792 2211 972 2245 Societatis
1015 2211 1100 2245 Jesu
1142 2211 1322 2255 presbyter
1364 2211 1520 2244 eruditus
1565 2214 1597 2242 et

241 2273 329 2314 pius,
378 2270 632 2314 quinquaginta
681 2269 781 2302 annis
829 2269 986 2313 religiose
1033 2267 1070 2301 in
1115 2268 1234 2301 eadem
1281 2266 1441 2300 societate
1487 2271 1598 2299 trans-
