1861 2682
255 256 275 282 ὃ
622 253 847 286 HISTORIA
871 253 1231 287 ECCLESIASTICA

404 344 590 379 Cantiones
608 344 795 379 Saxonicae
1172 346 1230 379 lib.
1251 355 1275 379 Ι.

403 401 539 445 Hymni
1172 402 1231 435 lib.
1252 411 1275 434 1.

401 457 498 490 Odae
1171 457 1230 489 lib.
1251 465 1274 489 1.

402 512 567 546 Carmina
583 514 680 546 varia
1172 512 1231 545 lib.
1251 521 1275 545 1.

308 569 404 602 Haec
421 573 456 601 et
473 567 645 602 Trithem.
664 572 854 607 enumerat,
872 573 906 601 et
923 568 1090 601 nonnulla
1114 566 1224 600 Henr.
1249 567 1420 607 Canisius,
1445 569 1499 602 vir
1523 569 1611 602 bono

258 625 308 658 rei
324 624 496 657 literariae
513 629 627 664 natus,
644 624 778 667 pridem
795 623 1006 667 publicavit:
1024 627 1201 667 praeterea
1214 634 1234 656 a
1247 623 1292 657 R.
1307 623 1348 657 P.
1363 623 1518 658 Martino
1531 624 1613 657 Del-

258 680 310 713 rio
326 679 528 723 prodierunt

402 734 639 778 Aenigmaton
668 744 788 766 versus
817 734 921 766 mille.
971 733 1018 767 Ei
1044 735 1149 767 etiam
1175 735 1353 769 ascribunt
1379 735 1483 773 docti,
1513 741 1547 768 et
1576 736 1613 767 in

449 789 504 822 his
525 789 627 822 Joan.
646 788 809 827 Chokier,
833 789 891 822 lib.
920 797 979 822 111.
1003 790 1106 823 Polit.
1129 801 1203 834 cap.
1230 799 1332 824 XVII.
1360 790 1519 824 Disticha
1544 801 1614 823 mo-

451 845 537 878 ralia
554 845 613 878 lib.
634 853 658 878 1.
676 856 764 888 quae
781 850 915 878 constat
932 856 1005 878 esse
1021 845 1152 879 Valerii
1171 846 1324 880 Catonis.

307 901 469 934 Florebat
486 911 576 933 anno
594 908 757 933 DCXCIV.
776 906 816 933 ut
833 902 910 934 vult
928 900 1096 945 Sigebert.
1116 910 1297 934 DCLXXX.
1316 903 1371 935 vel
1389 910 1476 934 Dee.
1516 902 1611 934 Obiit

258 968 339 990 vero
365 967 455 989 anno
482 965 629 989 Decvn.
661 961 695 989 et
726 955 786 989 SS.
818 956 895 989 albo
924 957 979 989 die
1009 965 1105 989 XXV.
1138 957 1225 990 Maii
1256 958 1445 1000 ascriptum
1477 957 1614 1000 Marty-

258 1014 366 1057 rolog.
386 1012 583 1045 Romanum
605 1012 734 1045 recolit.
786 1011 979 1044 cardinalis
1006 1011 1132 1045 Caesar
1158 1012 1330 1046 Baronius
1356 1017 1440 1045 tom.
1465 1020 1552 1044 vlu.
1580 1018 1613 1044 et

259 1077 313 1101 IX.
332 1068 461 1101 Annal.
511 1067 631 1101 Vitam
649 1067 737 1100 tanti
755 1067 922 1100 antistitis
945 1069 1103 1100 certatim
1121 1068 1335 1110 scripserunt
1353 1067 1528 1112 Eguinus,
1554 1078 1614 1100 seu

258 1123 450 1167 Eugenius,
468 1123 670 1167 Wigorniae
687 1122 878 1165 episcopus,
896 1126 930 1155 et
948 1122 983 1155 S.
1001 1122 1203 1156 osmundus
1221 1122 1421 1162 Neustrius,
1447 1124 1507 1166 qui
1526 1123 1611 1156 obiit

258 1189 348 1211 anuo
375 1187 520 1211 MXCIX.
551 1183 585 1211 et
616 1178 769 1211 Faritius
800 1177 947 1216 Tuscus,
978 1182 1012 1211 et
1042 1177 1249 1211 Guilielmus
1280 1179 1611 1212 Malmesburiensis.

258 1234 394 1267 Obiisse
427 1244 505 1266 eum
539 1234 630 1266 diem
663 1244 766 1267 suum
800 1234 877 1265 vult
911 1233 1085 1266 Baronius
1119 1234 1161 1265 ad
1196 1233 1487 1278 Martyrologium
1523 1245 1613 1266 anno

260 1298 423 1322 DCCXIX.
464 1288 513 1322 Et
527 1300 608 1322 sane
622 1289 785 1332 quicquid
797 1288 930 1321 laudati
944 1293 1099 1321 auctores
1113 1288 1324 1333 Sigebertus,
1339 1289 1490 1328 Lectius,
1505 1294 1538 1322 et
1553 1290 1611 1322 alii

258 1345 420 1384 sentiant,
446 1356 509 1389 ego
533 1345 646 1389 magis
672 1344 815 1377 inducor
841 1348 881 1376 ut
906 1343 1063 1388 Anglum
1089 1349 1180 1382 ortu,
1207 1343 1346 1378 Scotum
1373 1355 1455 1378 vero
1474 1350 1610 1378 tantum

258 1401 410 1434 incolatu
429 1400 619 1434 aestimem.

746 1571 781 1604 S.
809 1569 1040 1604 AIDANUS.
1093 1573 1125 1606 7.

262 1689 281 1702 ·‘
300 1684 334 1716 S.
353 1682 540 1716 AIDANUS
558 1681 770 1726 episcopus,‘'
792 1683 906 1725 inquit
928 1681 1127 1727 Sigebertus
1150 1680 1403 1714 Gemblacensis
1421 1682 1464 1714 ad
1482 1693 1609 1715 annum

260 1747 441 1772 DCXXXV.
461 1743 482 1757 ‘⁶
496 1737 613 1771 Sancti
628 1737 814 1771 Columbae
829 1737 1017 1780 discipulus
1031 1749 1051 1770 a
1064 1737 1179 1771 Scotia
1196 1737 1347 1775 veniens,
1365 1737 1457 1779 apud
1474 1737 1609 1782 Anglos

259 1794 409 1827 clarebat
427 1794 609 1827 sanctitate
627 1798 661 1826 et
679 1792 868 1827 doctrina.”
918 1793 961 1826 In
978 1793 1184 1837 quibusdam
1197 1797 1249 1825 est
1262 1791 1389 1831 Aidan,
1408 1804 1610 1837 cognomen-

261 1855 297 1882 to
322 1850 493 1882 Auvinas.
544 1848 707 1882 Oswaldo
733 1848 1065 1882 Northumbriorum
1091 1849 1175 1892 regi,
1201 1848 1293 1881 viros
1317 1852 1452 1881 sanctos
1470 1848 1512 1880 ad
1530 1860 1610 1892 gen-

259 1906 304 1937 tis
342 1917 423 1938 suae
460 1904 715 1938 institutionem
753 1916 774 1937 a
809 1915 889 1949 rege
927 1904 1060 1937 Scotiae
1097 1903 1255 1937 Donaldo
1293 1914 1355 1947 per
1389 1904 1520 1947 legatos
1554 1915 1611 1947 pe-

259 1962 357 1999 tenti,
384 1961 421 1993 in
446 1960 613 2005 Angliam
638 1961 765 1993 missus
791 1965 853 1998 est,
883 1964 923 1992 ut
952 1964 1096 1993 narrant
1126 1959 1227 1992 Hect.
1254 1959 1422 1992 Boethius
1448 1959 1524 1992 libr.
1555 1969 1608 1992 IX.

259 2028 336 2061 pag.
362 2025 529 2049 CLXXIV.
562 2015 687 2049 Franc.
714 2015 905 2049 Godwinus
931 2015 966 2047 in
993 2015 1214 2048 Praesulibus
1244 2014 1392 2059 Angliae
1419 2025 1498 2059 pag.
1527 2024 1607 2048 XCI.

259 2084 301 2105 ex
331 2073 428 2106 Beda
456 2073 515 2106 lib.
543 2080 602 2105 111.
630 2071 725 2105 Hist.
755 2071 849 2115 Ang.
881 2081 953 2114 cap.
981 2080 1039 2103 111.
1068 2079 1103 2104 v.
1130 2080 1214 2104 ΧΠ.
1242 2079 1324 2104 XVI.
1352 2080 1452 2104 XVII.
1484 2072 1608 2105 Petrus

260 2129 318 2162 lib.
346 2137 414 2161 VII.
445 2127 603 2172 Catalogi
629 2138 702 2171 cap.
730 2136 850 2160 XXIII.
877 2127 1072 2159 Adrianum
1100 2128 1189 2159 male
1217 2130 1326 2160 vocat.
1379 2126 1543 2160 Camden.
1572 2129 1608 2159 in

261 2184 535 2219 Northumbria:
554 2188 574 2203 “
587 2182 765 2216 Aidanum
783 2182 922 2216 Scotum
942 2183 985 2215 ad
1003 2193 1082 2216 suos
1101 2182 1300 2216 Christiana
1316 2182 1480 2226 religione
1498 2183 1607 2216 imbu-

259 2242 364 2275 endos
381 2240 538 2274 evocavit
550 2239 580 2272 :’'
605 2239 770 2283 superbe3
798 2239 867 2272 imo
884 2239 1006 2284 legatis
1024 2239 1138 2272 missis
1156 2239 1279 2272 oravit.
1300 2238 1435 2271 Rursus
1453 2238 1490 2270 in
1507 2238 1607 2271 Insu-

259 2299 321 2331 lis:
349 2303 368 2317 ‘⁶
387 2297 428 2331 In
447 2295 667 2330 Lindisfarne
684 2294 857 2329 Aidanius
875 2294 997 2329 Scotus
1016 2295 1129 2329 sedem
1147 2295 1372 2339 episcopalem
1396 2294 1606 2327 constituit?
