1861 2682
633 271 805 303 GENTIS
830 269 1102 307 SCOTORUM,
1128 268 1215 299 LIB.
1240 268 1284 299 ΙΙ.
1579 268 1641 297 123

279 365 398 398 clesiae
416 375 498 397 suae
516 364 654 403 vindex,
675 368 709 396 et
728 363 882 396 onmium
897 364 1019 407 judex,
1038 367 1072 395 te
1089 361 1259 394 mendacii
1278 360 1445 402 comperti
1470 370 1566 392 reum
1589 370 1639 391 se-

278 432 357 454 vere
375 422 510 464 plectet,
529 421 595 452 nisi
614 421 700 453 iram
720 420 897 463 principis,
915 430 1020 462 quam
1039 419 1167 462 injuria
1182 417 1390 460 provocasti,
1405 420 1504 448 caute
1518 415 1636 447 lenias.

278 477 371 510 Nam
391 478 427 509 in
442 488 530 520 quae
557 476 775 509 incommoda
801 486 843 508 cx
865 487 905 508 eo
927 480 1081 518 tempore
1107 475 1212 506 miser
1238 473 1379 511 incurri,
1407 477 1467 504 aut
1489 472 1526 503 in
1551 482 1639 513 quae

277 545 347 566 non
365 534 521 576 quotidie
540 534 680 565 incurro
698 542 825 576 magna
842 542 919 563 cum
938 531 1016 568 mei,
1035 530 1094 562 sed
1111 529 1236 572 majori
1254 529 1413 561 ecclesiae
1435 527 1511 565 Dei,
1525 527 1640 571 jactu-

275 589 341 622 ra?
393 589 520 621 Omnia
539 600 627 632 quae
646 588 731 620 mibi
751 588 895 620 adversa
912 587 1082 624 accidunt,
1102 585 1166 618 tibi
1192 585 1352 627 imputo3
1378 584 1442 616 etsi
1467 583 1639 615 conscien-

276 646 336 683 tia,
355 645 390 676 id
408 648 459 676 est
477 645 568 686 quod
589 655 661 676 esse
680 644 801 681 fertur,
820 643 884 675 etsi
902 653 994 674 nunc
1011 653 1130 675 severa
1148 642 1330 684 sopitaque
1344 639 1566 676 obdormivit,
1586 638 1638 670 ni-

274 701 463 733 hilominus
492 701 632 733 tandem
658 699 849 744 evigilabit,
880 703 913 731 et
946 699 1120 731 commissi
1155 698 1309 731 criminis
1344 694 1636 730 commonefaciet.

276 756 378 789 Tunc
396 768 459 801 ego
477 757 529 790 tui
547 756 744 793 miserebor,
763 761 796 788 et
815 766 877 798 pro
895 755 1050 787 criminis
1068 754 1158 787 tanti
1175 758 1276 786 reatu
1289 753 1421 785 dolebo.
1451 751 1549 784 Inter
1560 755 1638 783 tuos

275 824 330 846 me
347 814 474 846 amicos
493 823 628 855 semper
644 812 762 850 habui,
780 812 836 844 sed
857 812 886 843 si
905 822 944 844 ea
961 811 1051 843 ratio
1069 815 1121 843 est
1138 810 1257 843 amicis
1276 809 1452 847 abutendi,
1468 808 1569 840 erade
1583 817 1638 840 me

275 881 317 903 ex
335 870 394 902 illo
416 869 504 908 albo,
527 880 652 902 nomen
676 879 718 902 ex
743 869 801 901 illa
824 868 964 900 cohorte
987 878 1103 900 meum
1121 867 1218 905 dele,
1248 876 1320 904 nec,
1347 865 1376 897 si
1394 865 1532 907 parium
1550 863 1638 896 mihi

275 927 434 969 deinceps
458 925 713 958 admissionalis
741 925 891 962 diducat,
918 924 1019 956 video
1036 924 1101 956 hoc
1118 934 1191 956 esse
1208 922 1503 965 experiundorum
1527 921 1638 954 homi-

276 993 360 1015 num
378 987 525 1024 tempus.
574 982 675 1020 Quod
701 980 942 1023 unusquisque
967 980 1113 1012 tacitum
1139 980 1236 1017 celat,
1263 978 1417 1021 patebit:
1444 977 1551 1015 Deus,
1577 978 1638 1020 qui

275 1049 338 1072 nos
356 1039 392 1070 in
412 1038 499 1070 lianc
517 1038 744 1070 tentationem
762 1036 913 1074 induxit,
932 1035 1086 1078 placidus
1105 1035 1238 1074 educat,
1261 1039 1424 1077 tutosque
1442 1034 1575 1072 reddat,
1595 1033 1639 1065 ad

275 1095 426 1127 nominis
449 1094 503 1126 sui
527 1094 687 1138 gloriam,
710 1092 821 1125 nostri
839 1092 1013 1125 solatium.
1064 1091 1152 1125 Vale
1177 1090 1398 1134 Edimburgo
1424 1091 1479 1123 die
1505 1097 1637 1122 XXVII.

275 1150 448 1192 Septemb.
468 1160 558 1182 anno
578 1149 775 1181 MDXCV1.”

329 1204 361 1237 Ο
391 1205 484 1237 siren
513 1203 763 1236 ecclesiastica!
795 1203 843 1236 sic
872 1203 1103 1245 perduellium
1136 1203 1271 1236 nefaria
1301 1208 1416 1235 mente
1451 1202 1638 1245 excogitas,

273 1261 417 1293 scelesta
442 1270 549 1292 manu
574 1264 738 1297 attentas,
765 1263 799 1291 et
825 1259 959 1291 delatus
983 1260 1082 1303 regui
1107 1270 1265 1302 proceres
1292 1269 1430 1292 accusas
1458 1258 1638 1294 mendacii,

274 1321 308 1349 et
342 1320 462 1349 contra
495 1315 765 1359 chirographum
799 1314 980 1357 proprium
1013 1315 1235 1356 impudenter
1274 1315 1429 1346 velitaris
1443 1316 1458 1346 ?
1508 1312 1641 1346 Amici-

274 1373 343 1406 tiae
377 1383 447 1405 non
481 1372 689 1415 optimatum
724 1371 837 1410 modo,
874 1371 933 1403 sed
967 1374 1001 1403 et
1031 1370 1212 1414 sanguinis
1240 1370 1329 1414 regii
1360 1371 1557 1412 principum
1586 1370 1638 1402 in-

275 1430 432 1462 consulto
466 1429 514 1461 sic
548 1427 761 1460 renuncias'?
813 1427 880 1460 Sed
914 1436 1063 1471 agnosco
1098 1425 1324 1458 Calvinianae
1355 1426 1566 1458 humilitatis
1596 1425 1640 1458 ad

275 1486 397 1518 vivum
430 1495 628 1527 expressam
662 1484 862 1528 imaginem,
897 1488 931 1516 et
965 1482 1086 1515 novati
1120 1483 1295 1526 evangelii
1331 1483 1538 1515 submissam
1568 1482 1640 1525 pie-

275 1546 394 1575 tatem.
446 1540 539 1573 Pene
556 1541 782 1583 praeterierat
800 1539 1018 1583 subscriptio,
1038 1549 1127 1581 quae
1154 1539 1341 1572 scelestum
1368 1539 1404 1571 in
1426 1549 1543 1583 regem
1567 1539 1640 1571 ani-

276 1609 372 1631 mum
405 1598 458 1630 ve]
487 1597 560 1630 sola
586 1596 742 1639 loquitur
771 1601 805 1629 et
835 1600 994 1629 accusat:
1022 1595 1071 1627 sic
1101 1595 1216 1634 enim3
1249 1600 1269 1614 ‘⁴
1288 1595 1545 1628 addictissimus
1576 1594 1639 1627 tibi

275 1655 391 1692 cliens,
410 1664 470 1697 spe
487 1664 551 1686 sua
568 1653 719 1685 multum
738 1653 922 1696 dejectus.”
972 1651 1022 1684 Et
1040 1662 1150 1684 unum
1173 1651 1314 1694 quidem
1338 1652 1568 1694 perduellium
1593 1652 1640 1683 al-

274 1715 348 1743 tero
373 1710 579 1747 accumulat,
606 1708 775 1751 siquidem
803 1709 840 1740 in
866 1709 941 1751 ipso
966 1708 1149 1750 perduellii
1174 1713 1255 1741 actu
1275 1708 1506 1751 deprehensos
1526 1707 1639 1740 Ruth-

276 1778 382 1799 venos
414 1766 568 1803 comites,
599 1775 638 1797 ac
667 1765 760 1809 regis
796 1765 1024 1807 periclitantis
1058 1765 1100 1797 de
1134 1766 1245 1808 capite
1275 1766 1379 1810 jussu
1413 1765 1552 1803 occisos,
1588 1775 1641 1797 ac-

276 1833 394 1855 cusare
420 1821 604 1859 recusavit,
631 1821 717 1853 illud
742 1820 927 1863 Papiniani
954 1822 998 1853 ad
1021 1821 1235 1854 Caracallam
1261 1822 1438 1865 objiciens,
1465 1826 1485 1840 ‘⁵
1503 1821 1639 1854 facilius

275 1889 347 1911 esse
364 1878 589 1911 homicidium
614 1882 813 1920 perpetrare
835 1888 940 1919 quam
959 1888 1122 1910 excusare
1136 1877 1164 1909 :”
1190 1878 1250 1910 sed
1268 1877 1491 1917 Ruthvenus,
1510 1879 1639 1911 scilicet

276 1936 312 1967 in
330 1934 445 1967 schola
464 1934 516 1966 tui
535 1934 737 1977 symmistae
763 1933 901 1966 Calvini
928 1934 1104 1971 educatus,
1129 1938 1163 1966 et
1189 1933 1368 1966 haereseos
1391 1935 1479 1967 lacte
1502 1945 1523 1966 a
1545 1939 1639 1967 tene-

276 1991 324 2024 ris
354 1990 480 2029 ebrius,
512 1994 590 2032 post
620 1989 827 2022 Germanica
854 1990 1026 2033 tyrocinia
1051 1989 1279 2022 Elizabethae
1304 1989 1532 2034 Anglicanae,
1561 2001 1640 2023 con-

275 2056 415 2092 gressus
442 2046 708 2078 ministellorum
744 2046 883 2078 obviam
910 2046 1158 2089 prodeuntium
1185 2057 1359 2089 pompam,
1397 2047 1471 2091 regi
1502 2047 1640 2080 obstare

276 2102 460 2135 videbatur
477 2112 520 2134 ne
538 2100 727 2134 Catholicis
744 2101 861 2134 favere
878 2106 995 2145 posset
1009 2112 1018 2140 ;
1047 2107 1081 2135 et
1098 2103 1176 2135 ideo
1193 2113 1264 2135 non
1281 2102 1373 2147 regis
1393 2104 1512 2136 violati
1535 2104 1641 2137 ratio-

275 2169 367 2197 nem,
387 2158 446 2190 sed
464 2157 543 2190 fidei
561 2158 762 2190 asserendae
779 2158 941 2190 affectum
959 2158 1157 2192 habendum
1171 2159 1320 2192 Brusius
1335 2160 1456 2199 voluit,
1472 2161 1527 2193 vir
1542 2161 1642 2193 vehe-

275 2225 372 2248 mens
391 2214 427 2246 in
445 2213 585 2256 pietatis
603 2214 786 2257 regiaeque
808 2214 991 2258 dignitatis
1009 2215 1186 2258 jacturam
1213 2217 1388 2259 eloquens,
1412 2221 1457 2255 et,
1483 2221 1523 2248 ut
1546 2217 1642 2260 inge-

276 2281 343 2303 nue
360 2270 483 2308 fatear,
501 2270 707 2302 multiscius.
759 2269 904 2312 Scripsit
922 2270 1043 2308 multa,
1062 2271 1121 2303 sed
1139 2283 1204 2316 ego
1222 2282 1292 2304 non
1310 2272 1390 2316 legi,
1409 2277 1443 2304 et
1461 2272 1574 2304 nescio
1598 2283 1643 2304 an

275 2337 346 2360 non
363 2326 495 2369 aliquid
513 2326 706 2359 virulentae
724 2324 828 2358 faecis
853 2336 870 2357 e
893 2326 985 2358 dolio
1003 2325 1229 2360 Calvinianae
1253 2327 1489 2370 improbitatis
1516 2328 1640 2361 admis-

276 2382 398 2415 cuerit.
