<?xml version="1.0" encoding="UTF-8"?>
<!DOCTYPE html PUBLIC "-//W3C//DTD XHTML 1.0 Transitional//EN"
    "http://www.w3.org/TR/xhtml1/DTD/xhtml1-transitional.dtd">
<html xmlns="http://www.w3.org/1999/xhtml" xml:lang="en" lang="en">
 <head>
  <title>
</title>
<meta http-equiv="Content-Type" content="text/html;charset=utf-8" />
  <meta name='ocr-system' content='tesseract 3.04.00' />
  <meta name='ocr-capabilities' content='ocr_page ocr_carea ocr_par ocr_line ocrx_word'/>
</head>
<body>
  <div class='ocr_page' id='page_1' title='image "./thomaedempsterih00bann_0355.png"; bbox 0 0 1861 2682; ppageno 0'>
   <div class='ocr_carea' id='block_1_1' title="bbox 612 246 1630 284">
    <p class='ocr_par' dir='ltr' id='par_1_1' title="bbox 612 246 1630 284">
     <span class='ocr_line' id='line_1_1' title="bbox 612 246 1630 284; baseline -0.008 -2"><span class='ocrx_word' id='word_1_1' title='bbox 612 250 784 282; x_wconf 90' lang='lat' dir='ltr'>GENTIS</span> <span class='ocrx_word' id='word_1_2' title='bbox 810 247 1082 284; x_wconf 83' lang='lat' dir='ltr'>SCOTORUM,</span> <span class='ocrx_word' id='word_1_3' title='bbox 1107 247 1192 277; x_wconf 90' lang='lat' dir='ltr'>LIB.</span> <span class='ocrx_word' id='word_1_4' title='bbox 1219 246 1276 276; x_wconf 92' lang='lat' dir='ltr'>VI.</span> <span class='ocrx_word' id='word_1_5' title='bbox 1568 246 1630 275; x_wconf 66' lang='lat'>2855</span> 
     </span>
    </p>
   </div>
   <div class='ocr_carea' id='block_1_2' title="bbox 266 339 1625 992">
    <p class='ocr_par' dir='ltr' id='par_1_2' title="bbox 413 339 1523 489">
     <span class='ocr_line' id='line_1_2' title="bbox 413 339 1523 387; baseline -0.005 -10"><span class='ocrx_word' id='word_1_6' title='bbox 413 343 637 387; x_wconf 83' lang='lat' dir='ltr'>Prophetiam</span> <span class='ocrx_word' id='word_1_7' title='bbox 655 344 697 376; x_wconf 89' lang='lat' dir='ltr'>de</span> <span class='ocrx_word' id='word_1_8' title='bbox 716 343 838 387; x_wconf 89' lang='lat' dir='ltr'>Regno</span> <span class='ocrx_word' id='word_1_9' title='bbox 857 342 1023 375; x_wconf 83' lang='lat' dir='ltr'>Franciac</span> <span class='ocrx_word' id='word_1_10' title='bbox 1229 340 1287 373; x_wconf 89' lang='lat' dir='ltr'>lib.</span> <span class='ocrx_word' id='word_1_11' title='bbox 1309 349 1332 372; x_wconf 92' lang='lat'>1.</span> <span class='ocrx_word' id='word_1_12' title='bbox 1384 339 1523 382; x_wconf 91' lang='lat' dir='ltr'>Cratep.</span> 
     </span>
     <span class='ocr_line' id='line_1_3' title="bbox 414 395 1519 432; baseline -0.004 0"><span class='ocrx_word' id='word_1_13' title='bbox 414 401 595 432; x_wconf 81' lang='lat' dir='ltr'>Sermones</span> <span class='ocrx_word' id='word_1_14' title='bbox 614 400 655 432; x_wconf 87' lang='lat' dir='ltr'>ad</span> <span class='ocrx_word' id='word_1_15' title='bbox 675 399 815 432; x_wconf 84' lang='lat' dir='ltr'>Clerum</span> <span class='ocrx_word' id='word_1_16' title='bbox 834 409 935 431; x_wconf 89' lang='lat' dir='ltr'>suum</span> <span class='ocrx_word' id='word_1_17' title='bbox 1230 397 1288 429; x_wconf 89' lang='lat' dir='ltr'>lib.</span> <span class='ocrx_word' id='word_1_18' title='bbox 1310 405 1334 428; x_wconf 88' lang='lat'>1.</span> <span class='ocrx_word' id='word_1_19' title='bbox 1385 395 1519 429; x_wconf 85' lang='lat' dir='ltr'>Surius.</span> 
     </span>
     <span class='ocr_line' id='line_1_4' title="bbox 414 454 1062 489; baseline -0.005 -1"><span class='ocrx_word' id='word_1_20' title='bbox 414 456 529 489; x_wconf 86' lang='lat' dir='ltr'>Multa</span> <span class='ocrx_word' id='word_1_21' title='bbox 549 456 649 488; x_wconf 86' lang='lat' dir='ltr'>utilia</span> <span class='ocrx_word' id='word_1_22' title='bbox 668 455 851 487; x_wconf 79' lang='lat' dir='ltr'>Ecclesiae.</span> <span class='ocrx_word' id='word_1_23' title='bbox 904 454 1062 486; x_wconf 83' lang='lat' dir='ltr'>Malmes.</span> 
     </span>
    </p>

    <p class='ocr_par' dir='ltr' id='par_1_3' title="bbox 266 509 1625 992">
     <span class='ocr_line' id='line_1_5' title="bbox 316 509 1624 552; baseline -0.003 -7"><span class='ocrx_word' id='word_1_24' title='bbox 316 512 451 545; x_wconf 82' lang='lat' dir='ltr'>Claruit</span> <span class='ocrx_word' id='word_1_25' title='bbox 466 523 556 545; x_wconf 86' lang='lat' dir='ltr'>anno</span> <span class='ocrx_word' id='word_1_26' title='bbox 572 519 760 543; x_wconf 59' lang='lat' dir='ltr'>DCCIXIV.</span> <span class='ocrx_word' id='word_1_27' title='bbox 800 511 936 543; x_wconf 82' lang='lat' dir='ltr'>Colitur</span> <span class='ocrx_word' id='word_1_28' title='bbox 948 509 1176 542; x_wconf 83' lang='lat' dir='ltr'>xv111.Ju1ii.</span> <span class='ocrx_word' id='word_1_29' title='bbox 1221 509 1353 542; x_wconf 87' lang='lat' dir='ltr'>Molan.</span> <span class='ocrx_word' id='word_1_30' title='bbox 1373 510 1464 552; x_wconf 89' lang='lat' dir='ltr'>apud</span> <span class='ocrx_word' id='word_1_31' title='bbox 1479 509 1624 541; x_wconf 86' lang='lat' dir='ltr'>Baroni-</span> 
     </span>
     <span class='ocr_line' id='line_1_6' title="bbox 269 565 1624 610; baseline -0.002 -10"><span class='ocrx_word' id='word_1_32' title='bbox 269 579 327 601; x_wconf 91' lang='lat' dir='ltr'>um</span> <span class='ocrx_word' id='word_1_33' title='bbox 347 569 383 601; x_wconf 91' lang='lat' dir='ltr'>in</span> <span class='ocrx_word' id='word_1_34' title='bbox 402 568 656 610; x_wconf 84' lang='lat' dir='ltr'>Martyrologio</span> <span class='ocrx_word' id='word_1_35' title='bbox 674 567 776 598; x_wconf 84' lang='lat' dir='ltr'>Rom.</span> <span class='ocrx_word' id='word_1_36' title='bbox 820 568 943 599; x_wconf 77' lang='lat' dir='ltr'>Sui-ius</span> <span class='ocrx_word' id='word_1_37' title='bbox 961 574 1044 599; x_wconf 90' lang='lat' dir='ltr'>tom.</span> <span class='ocrx_word' id='word_1_38' title='bbox 1066 575 1118 599; x_wconf 87' lang='lat' dir='ltr'>lv.</span> <span class='ocrx_word' id='word_1_39' title='bbox 1161 565 1306 598; x_wconf 88' lang='lat' dir='ltr'>Annum</span> <span class='ocrx_word' id='word_1_40' title='bbox 1325 566 1356 598; x_wconf 90' lang='lat' dir='ltr'>ei</span> <span class='ocrx_word' id='word_1_41' title='bbox 1374 566 1553 609; x_wconf 85' lang='lat' dir='ltr'>assignant</span> <span class='ocrx_word' id='word_1_42' title='bbox 1567 566 1624 598; x_wconf 87' lang='lat' dir='ltr'>alii</span> 
     </span>
     <span class='ocr_line' id='line_1_7' title="bbox 270 621 1624 665; baseline -0.001 -9"><span class='ocrx_word' id='word_1_43' title='bbox 270 632 535 656; x_wconf 80' lang='lat' dir='ltr'>Deccxxxnx.</span> <span class='ocrx_word' id='word_1_44' title='bbox 563 623 656 665; x_wconf 88' lang='lat' dir='ltr'>quod</span> <span class='ocrx_word' id='word_1_45' title='bbox 679 623 751 655; x_wconf 83' lang='lat' dir='ltr'>fieri</span> <span class='ocrx_word' id='word_1_46' title='bbox 779 624 837 655; x_wconf 86' lang='lat' dir='ltr'>vix</span> <span class='ocrx_word' id='word_1_47' title='bbox 862 627 985 665; x_wconf 87' lang='lat' dir='ltr'>potest,</span> <span class='ocrx_word' id='word_1_48' title='bbox 1010 633 1090 655; x_wconf 86' lang='lat' dir='ltr'>nam</span> <span class='ocrx_word' id='word_1_49' title='bbox 1115 623 1143 655; x_wconf 88' lang='lat' dir='ltr'>si</span> <span class='ocrx_word' id='word_1_50' title='bbox 1169 633 1275 664; x_wconf 86' lang='lat' dir='ltr'>nepos</span> <span class='ocrx_word' id='word_1_51' title='bbox 1302 621 1337 654; x_wconf 87' lang='lat' dir='ltr'>S.</span> <span class='ocrx_word' id='word_1_52' title='bbox 1363 621 1536 654; x_wconf 86' lang='lat' dir='ltr'>Bonifacii</span> <span class='ocrx_word' id='word_1_53' title='bbox 1563 626 1624 660; x_wconf 85' lang='lat' dir='ltr'>est,</span> 
     </span>
     <span class='ocr_line' id='line_1_8' title="bbox 267 678 1625 721; baseline -0.001 -9"><span class='ocrx_word' id='word_1_54' title='bbox 267 684 307 712; x_wconf 86' lang='lat' dir='ltr'>ut</span> <span class='ocrx_word' id='word_1_55' title='bbox 324 680 466 718; x_wconf 86' lang='lat' dir='ltr'>dictum,</span> <span class='ocrx_word' id='word_1_56' title='bbox 486 684 519 712; x_wconf 84' lang='lat' dir='ltr'>et</span> <span class='ocrx_word' id='word_1_57' title='bbox 538 679 593 711; x_wconf 90' lang='lat' dir='ltr'>hic</span> <span class='ocrx_word' id='word_1_58' title='bbox 612 690 732 721; x_wconf 87' lang='lat' dir='ltr'>passus</span> <span class='ocrx_word' id='word_1_59' title='bbox 751 679 797 711; x_wconf 90' lang='lat' dir='ltr'>sit</span> <span class='ocrx_word' id='word_1_60' title='bbox 815 690 905 711; x_wconf 88' lang='lat' dir='ltr'>anno</span> <span class='ocrx_word' id='word_1_61' title='bbox 926 687 1066 711; x_wconf 76' lang='lat' dir='ltr'>DCCLV.</span> <span class='ocrx_word' id='word_1_62' title='bbox 1094 684 1198 711; x_wconf 89' lang='lat' dir='ltr'>erunt</span> <span class='ocrx_word' id='word_1_63' title='bbox 1222 679 1312 711; x_wconf 86' lang='lat' dir='ltr'>inter</span> <span class='ocrx_word' id='word_1_64' title='bbox 1335 678 1434 710; x_wconf 89' lang='lat' dir='ltr'>illum</span> <span class='ocrx_word' id='word_1_65' title='bbox 1459 683 1494 711; x_wconf 88' lang='lat' dir='ltr'>et</span> <span class='ocrx_word' id='word_1_66' title='bbox 1517 689 1625 711; x_wconf 86' lang='lat' dir='ltr'>avun—</span> 
     </span>
     <span class='ocr_line' id='line_1_9' title="bbox 268 734 1624 768; baseline -0.001 0"><span class='ocrx_word' id='word_1_67' title='bbox 268 737 383 768; x_wconf 80' lang='lat' dir='ltr'>culum</span> <span class='ocrx_word' id='word_1_68' title='bbox 412 736 493 768; x_wconf 86' lang='lat' dir='ltr'>anni</span> <span class='ocrx_word' id='word_1_69' title='bbox 522 744 667 767; x_wconf 80' lang='lat' dir='ltr'>XXCIII.</span> <span class='ocrx_word' id='word_1_70' title='bbox 698 740 732 768; x_wconf 82' lang='lat' dir='ltr'>et</span> <span class='ocrx_word' id='word_1_71' title='bbox 758 746 819 767; x_wconf 89' lang='lat' dir='ltr'>nec</span> <span class='ocrx_word' id='word_1_72' title='bbox 846 735 1047 767; x_wconf 86' lang='lat' dir='ltr'>Bonifacius</span> <span class='ocrx_word' id='word_1_73' title='bbox 1076 746 1138 767; x_wconf 92' lang='lat' dir='ltr'>nec</span> <span class='ocrx_word' id='word_1_74' title='bbox 1168 734 1365 767; x_wconf 86' lang='lat' dir='ltr'>Fridericus</span> <span class='ocrx_word' id='word_1_75' title='bbox 1392 735 1504 767; x_wconf 90' lang='lat' dir='ltr'>multo</span> <span class='ocrx_word' id='word_1_76' title='bbox 1529 735 1624 767; x_wconf 87' lang='lat' dir='ltr'>senio</span> 
     </span>
     <span class='ocr_line' id='line_1_10' title="bbox 266 792 1622 835; baseline -0.001 -11"><span class='ocrx_word' id='word_1_77' title='bbox 266 792 455 835; x_wconf 84' lang='lat' dir='ltr'>depositus,</span> <span class='ocrx_word' id='word_1_78' title='bbox 485 796 525 823; x_wconf 92' lang='lat' dir='ltr'>ut</span> <span class='ocrx_word' id='word_1_79' title='bbox 555 802 597 823; x_wconf 82' lang='lat' dir='ltr'>ex</span> <span class='ocrx_word' id='word_1_80' title='bbox 627 792 712 823; x_wconf 82' lang='lat' dir='ltr'>actis</span> <span class='ocrx_word' id='word_1_81' title='bbox 741 796 883 833; x_wconf 87' lang='lat' dir='ltr'>apparet</span> <span class='ocrx_word' id='word_1_82' title='bbox 912 792 976 823; x_wconf 91' lang='lat' dir='ltr'>sub</span> <span class='ocrx_word' id='word_1_83' title='bbox 1006 802 1135 824; x_wconf 88' lang='lat' dir='ltr'>annum</span> <span class='ocrx_word' id='word_1_84' title='bbox 1169 799 1378 823; x_wconf 84' lang='lat' dir='ltr'>MCCCLXII.</span> <span class='ocrx_word' id='word_1_85' title='bbox 1406 792 1461 823; x_wconf 83' lang='lat' dir='ltr'>die</span> <span class='ocrx_word' id='word_1_86' title='bbox 1488 800 1622 823; x_wconf 73' lang='lat' dir='ltr'>XXIIX.</span> 
     </span>
     <span class='ocr_line' id='line_1_11' title="bbox 266 846 1623 890; baseline 0 -10"><span class='ocrx_word' id='word_1_87' title='bbox 266 848 287 880; x_wconf 88' lang='lat' dir='ltr'>J</span> <span class='ocrx_word' id='word_1_88' title='bbox 291 848 363 880; x_wconf 90' lang='lat' dir='ltr'>ulii.</span> <span class='ocrx_word' id='word_1_89' title='bbox 418 847 617 885; x_wconf 85' lang='lat' dir='ltr'>Folckerus,</span> <span class='ocrx_word' id='word_1_90' title='bbox 637 847 816 889; x_wconf 70' lang='lat' dir='ltr'>episcopus</span> <span class='ocrx_word' id='word_1_91' title='bbox 836 846 989 890; x_wconf 81' lang='lat' dir='ltr'>Trajecti</span> <span class='ocrx_word' id='word_1_92' title='bbox 1010 848 1170 887; x_wconf 87' lang='lat' dir='ltr'>vicarius,</span> <span class='ocrx_word' id='word_1_93' title='bbox 1189 851 1294 889; x_wconf 88' lang='lat' dir='ltr'>caput</span> <span class='ocrx_word' id='word_1_94' title='bbox 1311 858 1331 879; x_wconf 87' lang='lat' dir='ltr'>a</span> <span class='ocrx_word' id='word_1_95' title='bbox 1349 858 1490 890; x_wconf 88' lang='lat' dir='ltr'>corpore</span> <span class='ocrx_word' id='word_1_96' title='bbox 1508 847 1623 880; x_wconf 85' lang='lat' dir='ltr'>abstu-</span> 
     </span>
     <span class='ocr_line' id='line_1_12' title="bbox 266 901 1622 947; baseline 0 -11"><span class='ocrx_word' id='word_1_97' title='bbox 266 905 318 942; x_wconf 85' lang='lat' dir='ltr'>lit,</span> <span class='ocrx_word' id='word_1_98' title='bbox 346 914 430 936; x_wconf 88' lang='lat' dir='ltr'>auro</span> <span class='ocrx_word' id='word_1_99' title='bbox 456 908 490 935; x_wconf 89' lang='lat' dir='ltr'>et</span> <span class='ocrx_word' id='word_1_100' title='bbox 517 912 663 947; x_wconf 86' lang='lat' dir='ltr'>argento</span> <span class='ocrx_word' id='word_1_101' title='bbox 690 903 841 935; x_wconf 77' lang='lat' dir='ltr'><strong>inclusit.</strong></span> <span class='ocrx_word' id='word_1_102' title='bbox 899 903 994 935; x_wconf 84' lang='lat' dir='ltr'><strong>Idem</strong></span> <span class='ocrx_word' id='word_1_103' title='bbox 1021 914 1216 947; x_wconf 83' lang='lat' dir='ltr'>anonymus</span> <span class='ocrx_word' id='word_1_104' title='bbox 1243 901 1423 942; x_wconf 79' lang='lat' dir='ltr'>Sui-ianus,</span> <span class='ocrx_word' id='word_1_105' title='bbox 1447 904 1507 946; x_wconf 91' lang='lat' dir='ltr'>qui</span> <span class='ocrx_word' id='word_1_106' title='bbox 1534 905 1622 936; x_wconf 84' lang='lat' dir='ltr'>male</span> 
     </span>
     <span class='ocr_line' id='line_1_13' title="bbox 268 960 578 992; baseline -0.003 0"><span class='ocrx_word' id='word_1_107' title='bbox 268 960 448 992; x_wconf 84' lang='lat' dir='ltr'>Frisonem</span> <span class='ocrx_word' id='word_1_108' title='bbox 469 964 578 992; x_wconf 87' lang='lat' dir='ltr'>vocat.</span> 
     </span>
    </p>
   </div>
   <div class='ocr_carea' id='block_1_3' title="bbox 711 1071 1176 1108">
    <p class='ocr_par' dir='ltr' id='par_1_4' title="bbox 711 1071 1176 1108">
     <span class='ocr_line' id='line_1_14' title="bbox 711 1071 1176 1108; baseline 0.002 -4"><span class='ocrx_word' id='word_1_109' title='bbox 711 1071 745 1104; x_wconf 88' lang='lat' dir='ltr'>S.</span> <span class='ocrx_word' id='word_1_110' title='bbox 774 1071 1042 1105; x_wconf 86' lang='lat' dir='ltr'>FURSAEUS.</span> <span class='ocrx_word' id='word_1_111' title='bbox 1095 1075 1176 1108; x_wconf 87' lang='lat'><strong>517.</strong></span> 
     </span>
    </p>
   </div>
   <div class='ocr_carea' id='block_1_4' title="bbox 257 1184 1624 2354">
    <p class='ocr_par' dir='ltr' id='par_1_5' title="bbox 257 1184 1624 2354">
     <span class='ocr_line' id='line_1_15' title="bbox 264 1184 1621 1223; baseline 0.004 -7"><span class='ocrx_word' id='word_1_112' title='bbox 264 1187 297 1217; x_wconf 73' lang='lat' dir='ltr'>S.</span> <span class='ocrx_word' id='word_1_113' title='bbox 319 1185 527 1217; x_wconf 71' lang='lat' dir='ltr'>FURSAEUS</span> <span class='ocrx_word' id='word_1_114' title='bbox 546 1186 678 1221; x_wconf 74' lang='lat' dir='ltr'>Scotus,</span> <span class='ocrx_word' id='word_1_115' title='bbox 698 1195 766 1216; x_wconf 86' lang='lat' dir='ltr'>non</span> <span class='ocrx_word' id='word_1_116' title='bbox 787 1184 975 1223; x_wconf 84' lang='lat' dir='ltr'>Hibernus‚</span> <span class='ocrx_word' id='word_1_117' title='bbox 1004 1186 1082 1218; x_wconf 91' lang='lat' dir='ltr'>licet</span> <span class='ocrx_word' id='word_1_118' title='bbox 1100 1197 1142 1218; x_wconf 86' lang='lat' dir='ltr'>ex</span> <span class='ocrx_word' id='word_1_119' title='bbox 1163 1185 1333 1219; x_wconf 85' lang='lat' dir='ltr'>Hibernia</span> <span class='ocrx_word' id='word_1_120' title='bbox 1358 1197 1435 1219; x_wconf 87' lang='lat' dir='ltr'>cum</span> <span class='ocrx_word' id='word_1_121' title='bbox 1463 1188 1563 1221; x_wconf 86' lang='lat' dir='ltr'>sociis</span> <span class='ocrx_word' id='word_1_122' title='bbox 1586 1189 1621 1221; x_wconf 90' lang='lat' dir='ltr'>in</span> 
     </span>
     <span class='ocr_line' id='line_1_16' title="bbox 263 1240 1622 1285; baseline 0.002 -11"><span class='ocrx_word' id='word_1_123' title='bbox 263 1241 411 1284; x_wconf 85' lang='lat' dir='ltr'>patriam</span> <span class='ocrx_word' id='word_1_124' title='bbox 431 1241 564 1272; x_wconf 79' lang='lat' dir='ltr'>venisse</span> <span class='ocrx_word' id='word_1_125' title='bbox 583 1240 764 1273; x_wconf 82' lang='lat' dir='ltr'>scribatur.</span> <span class='ocrx_word' id='word_1_126' title='bbox 818 1240 908 1272; x_wconf 87' lang='lat' dir='ltr'>Vide</span> <span class='ocrx_word' id='word_1_127' title='bbox 926 1252 1014 1283; x_wconf 85' lang='lat' dir='ltr'>quae</span> <span class='ocrx_word' id='word_1_128' title='bbox 1037 1241 1113 1274; x_wconf 85' lang='lat' dir='ltr'>fuse</span> <span class='ocrx_word' id='word_1_129' title='bbox 1131 1253 1237 1285; x_wconf 88' lang='lat' dir='ltr'>supra</span> <span class='ocrx_word' id='word_1_130' title='bbox 1262 1243 1299 1274; x_wconf 91' lang='lat' dir='ltr'>in</span> <span class='ocrx_word' id='word_1_131' title='bbox 1325 1242 1359 1275; x_wconf 88' lang='lat' dir='ltr'>S.</span> <span class='ocrx_word' id='word_1_132' title='bbox 1388 1243 1546 1276; x_wconf 86' lang='lat' dir='ltr'>Foillano</span> <span class='ocrx_word' id='word_1_133' title='bbox 1571 1245 1622 1277; x_wconf 91' lang='lat' dir='ltr'>di-</span> 
     </span>
     <span class='ocr_line' id='line_1_17' title="bbox 263 1296 1620 1345; baseline 0.002 -15"><span class='ocrx_word' id='word_1_134' title='bbox 263 1305 317 1330; x_wconf 83' lang='lat' dir='ltr'>cta</span> <span class='ocrx_word' id='word_1_135' title='bbox 346 1301 438 1329; x_wconf 90' lang='lat' dir='ltr'>sunt.</span> <span class='ocrx_word' id='word_1_136' title='bbox 491 1296 656 1328; x_wconf 84' lang='lat' dir='ltr'>Camden.</span> <span class='ocrx_word' id='word_1_137' title='bbox 688 1297 724 1328; x_wconf 89' lang='lat' dir='ltr'>in</span> <span class='ocrx_word' id='word_1_138' title='bbox 752 1296 887 1329; x_wconf 86' lang='lat' dir='ltr'>Suffolk</span> <span class='ocrx_word' id='word_1_139' title='bbox 914 1308 992 1341; x_wconf 88' lang='lat' dir='ltr'>pag.</span> <span class='ocrx_word' id='word_1_140' title='bbox 1013 1306 1217 1330; x_wconf 83' lang='lat' dir='ltr'>CCCLXVII.</span> <span class='ocrx_word' id='word_1_141' title='bbox 1246 1304 1266 1317; x_wconf 92' lang='lat'>“</span> <span class='ocrx_word' id='word_1_142' title='bbox 1285 1298 1328 1331; x_wconf 89' lang='lat' dir='ltr'>In</span> <span class='ocrx_word' id='word_1_143' title='bbox 1356 1299 1620 1345; x_wconf 88' lang='lat' dir='ltr'>Cnobersburge</span> 
     </span>
     <span class='ocr_line' id='line_1_18' title="bbox 263 1351 1622 1390; baseline 0.004 -6"><span class='ocrx_word' id='word_1_144' title='bbox 263 1353 436 1385; x_wconf 84' lang='lat' dir='ltr'>Fursaeus</span> <span class='ocrx_word' id='word_1_145' title='bbox 450 1351 572 1385; x_wconf 88' lang='lat' dir='ltr'>Scotus</span> <span class='ocrx_word' id='word_1_146' title='bbox 588 1352 837 1384; x_wconf 84' lang='lat' dir='ltr'>monasterium</span> <span class='ocrx_word' id='word_1_147' title='bbox 852 1354 1058 1386; x_wconf 83' lang='lat' dir='ltr'>exstruxit.”</span> <span class='ocrx_word' id='word_1_148' title='bbox 1095 1353 1202 1387; x_wconf 90' lang='lat' dir='ltr'>Vides</span> <span class='ocrx_word' id='word_1_149' title='bbox 1216 1355 1428 1388; x_wconf 88' lang='lat' dir='ltr'>haereticum</span> <span class='ocrx_word' id='word_1_150' title='bbox 1447 1356 1622 1390; x_wconf 82' lang='lat' dir='ltr'>interdum</span> 
     </span>
     <span class='ocr_line' id='line_1_19' title="bbox 262 1408 1624 1455; baseline 0.003 -13"><span class='ocrx_word' id='word_1_151' title='bbox 262 1414 398 1442; x_wconf 85' lang='lat' dir='ltr'>sanctos</span> <span class='ocrx_word' id='word_1_152' title='bbox 432 1408 498 1440; x_wconf 86' lang='lat' dir='ltr'>Dei</span> <span class='ocrx_word' id='word_1_153' title='bbox 533 1419 611 1440; x_wconf 89' lang='lat' dir='ltr'>cum</span> <span class='ocrx_word' id='word_1_154' title='bbox 647 1408 841 1440; x_wconf 83' lang='lat' dir='ltr'>reverentia</span> <span class='ocrx_word' id='word_1_155' title='bbox 875 1410 1090 1451; x_wconf 76' lang='lat' dir='ltr'><strong>compellare.</strong></span> <span class='ocrx_word' id='word_1_156' title='bbox 1142 1410 1420 1455; x_wconf 84' lang='lat' dir='ltr'>Cognomentum</span> <span class='ocrx_word' id='word_1_157' title='bbox 1451 1413 1481 1444; x_wconf 88' lang='lat' dir='ltr'>ei</span> <span class='ocrx_word' id='word_1_158' title='bbox 1513 1411 1624 1446; x_wconf 84' lang='lat' dir='ltr'>Pere-</span> 
     </span>
     <span class='ocr_line' id='line_1_20' title="bbox 257 1462 1623 1509; baseline 0.004 -12"><span class='ocrx_word' id='word_1_159' title='bbox 257 1462 399 1509; x_wconf 77' lang='lat' dir='ltr'>grinuS,</span> <span class='ocrx_word' id='word_1_160' title='bbox 429 1464 690 1506; x_wconf 82' lang='lat' dir='ltr'>habebaturque</span> <span class='ocrx_word' id='word_1_161' title='bbox 725 1464 857 1496; x_wconf 85' lang='lat' dir='ltr'><strong>ordinis</strong></span> <span class='ocrx_word' id='word_1_162' title='bbox 888 1464 922 1497; x_wconf 90' lang='lat' dir='ltr'>S.</span> <span class='ocrx_word' id='word_1_163' title='bbox 954 1465 1135 1499; x_wconf 84' lang='lat' dir='ltr'>Benedicti</span> <span class='ocrx_word' id='word_1_164' title='bbox 1165 1467 1265 1509; x_wconf 86' lang='lat' dir='ltr'>quasi</span> <span class='ocrx_word' id='word_1_165' title='bbox 1295 1478 1406 1500; x_wconf 89' lang='lat' dir='ltr'>novus</span> <span class='ocrx_word' id='word_1_166' title='bbox 1434 1469 1477 1501; x_wconf 86' lang='lat' dir='ltr'>iis</span> <span class='ocrx_word' id='word_1_167' title='bbox 1508 1469 1544 1501; x_wconf 87' lang='lat' dir='ltr'>in</span> <span class='ocrx_word' id='word_1_168' title='bbox 1571 1481 1623 1502; x_wconf 86' lang='lat' dir='ltr'>re-</span> 
     </span>
     <span class='ocr_line' id='line_1_21' title="bbox 262 1520 1619 1564; baseline 0.004 -12"><span class='ocrx_word' id='word_1_169' title='bbox 262 1521 423 1564; x_wconf 87' lang='lat' dir='ltr'>gionibus</span> <span class='ocrx_word' id='word_1_170' title='bbox 456 1520 632 1558; x_wconf 84' lang='lat' dir='ltr'>fundator,</span> <span class='ocrx_word' id='word_1_171' title='bbox 667 1530 735 1552; x_wconf 90' lang='lat' dir='ltr'>non</span> <span class='ocrx_word' id='word_1_172' title='bbox 769 1521 872 1553; x_wconf 92' lang='lat' dir='ltr'>modo</span> <span class='ocrx_word' id='word_1_173' title='bbox 902 1526 1126 1555; x_wconf 84' lang='lat' dir='ltr'>restaurator.</span> <span class='ocrx_word' id='word_1_174' title='bbox 1182 1522 1237 1555; x_wconf 91' lang='lat' dir='ltr'>Jo.</span> <span class='ocrx_word' id='word_1_175' title='bbox 1268 1523 1439 1556; x_wconf 88' lang='lat' dir='ltr'>Trithem.</span> <span class='ocrx_word' id='word_1_176' title='bbox 1471 1525 1529 1557; x_wconf 92' lang='lat' dir='ltr'>lib.</span> <span class='ocrx_word' id='word_1_177' title='bbox 1561 1535 1619 1559; x_wconf 89' lang='lat'>111.</span> 
     </span>
     <span class='ocr_line' id='line_1_22' title="bbox 261 1576 1622 1620; baseline 0.004 -11"><span class='ocrx_word' id='word_1_178' title='bbox 261 1578 302 1609; x_wconf 87' lang='lat' dir='ltr'>de</span> <span class='ocrx_word' id='word_1_179' title='bbox 320 1576 396 1609; x_wconf 85' lang='lat' dir='ltr'>Vir.</span> <span class='ocrx_word' id='word_1_180' title='bbox 415 1577 540 1609; x_wconf 83' lang='lat' dir='ltr'>illustr.</span> <span class='ocrx_word' id='word_1_181' title='bbox 560 1576 644 1608; x_wconf 88' lang='lat' dir='ltr'>Ord.</span> <span class='ocrx_word' id='word_1_182' title='bbox 664 1576 698 1608; x_wconf 88' lang='lat' dir='ltr'>S.</span> <span class='ocrx_word' id='word_1_183' title='bbox 719 1576 899 1610; x_wconf 87' lang='lat' dir='ltr'>Benedicti</span> <span class='ocrx_word' id='word_1_184' title='bbox 925 1588 999 1620; x_wconf 84' lang='lat' dir='ltr'>cap.</span> <span class='ocrx_word' id='word_1_185' title='bbox 1020 1586 1192 1611; x_wconf 75' lang='lat' dir='ltr'>LXXXVI.</span> <span class='ocrx_word' id='word_1_186' title='bbox 1242 1578 1276 1611; x_wconf 91' lang='lat' dir='ltr'>A</span> <span class='ocrx_word' id='word_1_187' title='bbox 1295 1579 1490 1613; x_wconf 77' lang='lat' dir='ltr'>clodovaeo</span> <span class='ocrx_word' id='word_1_188' title='bbox 1513 1582 1622 1615; x_wconf 83' lang='lat' dir='ltr'>Fran-</span> 
     </span>
     <span class='ocr_line' id='line_1_23' title="bbox 262 1632 1622 1676; baseline 0.005 -11"><span class='ocrx_word' id='word_1_189' title='bbox 262 1644 380 1666; x_wconf 87' lang='lat' dir='ltr'>corum</span> <span class='ocrx_word' id='word_1_190' title='bbox 414 1644 495 1676; x_wconf 84' lang='lat' dir='ltr'>rege</span> <span class='ocrx_word' id='word_1_191' title='bbox 529 1632 778 1664; x_wconf 82' lang='lat' dir='ltr'>humanissime</span> <span class='ocrx_word' id='word_1_192' title='bbox 817 1638 992 1676; x_wconf 86' lang='lat' dir='ltr'>exceptus,</span> <span class='ocrx_word' id='word_1_193' title='bbox 1035 1634 1237 1667; x_wconf 88' lang='lat' dir='ltr'>coenobium</span> <span class='ocrx_word' id='word_1_194' title='bbox 1272 1635 1504 1676; x_wconf 66' lang='lat' dir='ltr'>Latffliacum,</span> <span class='ocrx_word' id='word_1_195' title='bbox 1548 1640 1622 1672; x_wconf 88' lang='lat' dir='ltr'>vul-</span> 
     </span>
     <span class='ocr_line' id='line_1_24' title="bbox 260 1687 1621 1734; baseline 0.005 -13"><span class='ocrx_word' id='word_1_196' title='bbox 260 1701 304 1734; x_wconf 88' lang='lat' dir='ltr'>go</span> <span class='ocrx_word' id='word_1_197' title='bbox 322 1689 424 1722; x_wconf 90' lang='lat' dir='ltr'>hodie</span> <span class='ocrx_word' id='word_1_198' title='bbox 443 1687 602 1732; x_wconf 75' lang='lat' dir='ltr'>Laigny,</span> <span class='ocrx_word' id='word_1_199' title='bbox 621 1689 806 1721; x_wconf 85' lang='lat' dir='ltr'>exstruxit.</span> <span class='ocrx_word' id='word_1_200' title='bbox 858 1689 1011 1732; x_wconf 90' lang='lat' dir='ltr'>Ayrnon.</span> <span class='ocrx_word' id='word_1_201' title='bbox 1031 1690 1188 1723; x_wconf 87' lang='lat' dir='ltr'>monach.</span> <span class='ocrx_word' id='word_1_202' title='bbox 1208 1691 1266 1724; x_wconf 90' lang='lat' dir='ltr'>lib.</span> <span class='ocrx_word' id='word_1_203' title='bbox 1288 1700 1312 1723; x_wconf 94' lang='lat' dir='ltr'>I.</span> <span class='ocrx_word' id='word_1_204' title='bbox 1341 1692 1434 1725; x_wconf 87' lang='lat' dir='ltr'>Hist.</span> <span class='ocrx_word' id='word_1_205' title='bbox 1455 1693 1621 1729; x_wconf 87' lang='lat' dir='ltr'>Francor.</span> 
     </span>
     <span class='ocr_line' id='line_1_25' title="bbox 260 1745 1620 1789; baseline 0.004 -10"><span class='ocrx_word' id='word_1_206' title='bbox 260 1757 333 1789; x_wconf 86' lang='lat' dir='ltr'>cap.</span> <span class='ocrx_word' id='word_1_207' title='bbox 365 1754 482 1778; x_wconf 76' lang='lat' dir='ltr'>XVIII.</span> <span class='ocrx_word' id='word_1_208' title='bbox 537 1745 657 1778; x_wconf 83' lang='lat' dir='ltr'>Vitam</span> <span class='ocrx_word' id='word_1_209' title='bbox 685 1745 761 1789; x_wconf 88' lang='lat' dir='ltr'>ejus</span> <span class='ocrx_word' id='word_1_210' title='bbox 789 1750 823 1778; x_wconf 89' lang='lat' dir='ltr'>et</span> <span class='ocrx_word' id='word_1_211' title='bbox 851 1746 1022 1778; x_wconf 87' lang='lat' dir='ltr'>sociorum</span> <span class='ocrx_word' id='word_1_212' title='bbox 1050 1747 1226 1789; x_wconf 87' lang='lat' dir='ltr'>promittit</span> <span class='ocrx_word' id='word_1_213' title='bbox 1254 1747 1351 1780; x_wconf 90' lang='lat' dir='ltr'>Beda</span> <span class='ocrx_word' id='word_1_214' title='bbox 1380 1749 1439 1782; x_wconf 93' lang='lat' dir='ltr'>lib.</span> <span class='ocrx_word' id='word_1_215' title='bbox 1469 1758 1526 1783; x_wconf 89' lang='lat' dir='ltr'>III.</span> <span class='ocrx_word' id='word_1_216' title='bbox 1554 1751 1620 1784; x_wconf 89' lang='lat' dir='ltr'>Ec-</span> 
     </span>
     <span class='ocr_line' id='line_1_26' title="bbox 260 1801 1620 1846; baseline 0.004 -11"><span class='ocrx_word' id='word_1_217' title='bbox 260 1802 405 1835; x_wconf 89' lang='lat' dir='ltr'>clesiast.</span> <span class='ocrx_word' id='word_1_218' title='bbox 427 1802 520 1834; x_wconf 88' lang='lat' dir='ltr'>Hist.</span> <span class='ocrx_word' id='word_1_219' title='bbox 540 1801 689 1845; x_wconf 82' lang='lat' dir='ltr'>Anglor.</span> <span class='ocrx_word' id='word_1_220' title='bbox 709 1812 782 1843; x_wconf 89' lang='lat' dir='ltr'>cap.</span> <span class='ocrx_word' id='word_1_221' title='bbox 803 1810 889 1833; x_wconf 77' lang='lat' dir='ltr'>XIX.</span> <span class='ocrx_word' id='word_1_222' title='bbox 916 1802 975 1834; x_wconf 88' lang='lat' dir='ltr'>sed</span> <span class='ocrx_word' id='word_1_223' title='bbox 1001 1813 1041 1835; x_wconf 85' lang='lat' dir='ltr'>ea</span> <span class='ocrx_word' id='word_1_224' title='bbox 1066 1804 1121 1835; x_wconf 77' lang='lat' dir='ltr'>vel</span> <span class='ocrx_word' id='word_1_225' title='bbox 1146 1814 1215 1835; x_wconf 91' lang='lat' dir='ltr'>non</span> <span class='ocrx_word' id='word_1_226' title='bbox 1239 1804 1379 1846; x_wconf 89' lang='lat' dir='ltr'>prodiit,</span> <span class='ocrx_word' id='word_1_227' title='bbox 1404 1807 1457 1838; x_wconf 88' lang='lat' dir='ltr'>vel</span> <span class='ocrx_word' id='word_1_228' title='bbox 1476 1807 1620 1841; x_wconf 86' lang='lat' dir='ltr'>interiit.</span> 
     </span>
     <span class='ocr_line' id='line_1_27' title="bbox 262 1857 1623 1907; baseline 0.005 -17"><span class='ocrx_word' id='word_1_229' title='bbox 262 1858 344 1891; x_wconf 84' lang='lat' dir='ltr'>Alia</span> <span class='ocrx_word' id='word_1_230' title='bbox 376 1863 438 1896; x_wconf 87' lang='lat' dir='ltr'>est,</span> <span class='ocrx_word' id='word_1_231' title='bbox 465 1869 567 1900; x_wconf 89' lang='lat' dir='ltr'>quam</span> <span class='ocrx_word' id='word_1_232' title='bbox 598 1858 720 1890; x_wconf 81' lang='lat' dir='ltr'>recitat</span> <span class='ocrx_word' id='word_1_233' title='bbox 746 1857 868 1890; x_wconf 85' lang='lat' dir='ltr'>Surius</span> <span class='ocrx_word' id='word_1_234' title='bbox 894 1863 977 1891; x_wconf 90' lang='lat' dir='ltr'>tom.</span> <span class='ocrx_word' id='word_1_235' title='bbox 1007 1868 1030 1890; x_wconf 87' lang='grc' dir='ltr'>Ι.</span> <span class='ocrx_word' id='word_1_236' title='bbox 1057 1859 1112 1891; x_wconf 85' lang='lat' dir='ltr'>die</span> <span class='ocrx_word' id='word_1_237' title='bbox 1138 1868 1222 1892; x_wconf 83' lang='lat' dir='ltr'>XVI.</span> <span class='ocrx_word' id='word_1_238' title='bbox 1248 1860 1393 1894; x_wconf 83' lang='lat' dir='ltr'>Januar.</span> <span class='ocrx_word' id='word_1_239' title='bbox 1445 1862 1486 1895; x_wconf 90' lang='lat' dir='ltr'>In</span> <span class='ocrx_word' id='word_1_240' title='bbox 1514 1865 1623 1907; x_wconf 87' lang='lat' dir='ltr'>epito-</span> 
     </span>
     <span class='ocr_line' id='line_1_28' title="bbox 260 1913 1621 1961; baseline 0.005 -15"><span class='ocrx_word' id='word_1_241' title='bbox 260 1925 339 1947; x_wconf 87' lang='lat' dir='ltr'>men</span> <span class='ocrx_word' id='word_1_242' title='bbox 374 1914 507 1957; x_wconf 83' lang='lat' dir='ltr'>redegit</span> <span class='ocrx_word' id='word_1_243' title='bbox 539 1914 713 1946; x_wconf 82' lang='lat' dir='ltr'>Francisc.</span> <span class='ocrx_word' id='word_1_244' title='bbox 747 1913 917 1952; x_wconf 74' lang='lat' dir='ltr'>Harae-IIS,</span> <span class='ocrx_word' id='word_1_245' title='bbox 952 1926 1021 1957; x_wconf 89' lang='lat' dir='ltr'>quo</span> <span class='ocrx_word' id='word_1_246' title='bbox 1055 1915 1109 1947; x_wconf 88' lang='lat' dir='ltr'>die</span> <span class='ocrx_word' id='word_1_247' title='bbox 1143 1917 1283 1949; x_wconf 86' lang='lat' dir='ltr'>ecclesia</span> <span class='ocrx_word' id='word_1_248' title='bbox 1313 1918 1388 1961; x_wconf 86' lang='lat' dir='ltr'>ejus</span> <span class='ocrx_word' id='word_1_249' title='bbox 1419 1921 1621 1953; x_wconf 86' lang='lat' dir='ltr'>memoriam</span> 
     </span>
     <span class='ocr_line' id='line_1_29' title="bbox 260 1969 1620 2014; baseline 0.006 -12"><span class='ocrx_word' id='word_1_250' title='bbox 260 1971 390 2003; x_wconf 85' lang='lat' dir='ltr'>recolit.</span> <span class='ocrx_word' id='word_1_251' title='bbox 442 1969 672 2014; x_wconf 84' lang='lat' dir='ltr'>Martyrolog.</span> <span class='ocrx_word' id='word_1_252' title='bbox 701 1970 848 2002; x_wconf 85' lang='lat' dir='ltr'>Roman.</span> <span class='ocrx_word' id='word_1_253' title='bbox 877 1974 897 1988; x_wconf 86' lang='lat'><strong>“</strong></span> <span class='ocrx_word' id='word_1_254' title='bbox 917 1970 958 2003; x_wconf 91' lang='lat' dir='ltr'>In</span> <span class='ocrx_word' id='word_1_255' title='bbox 985 1973 1194 2005; x_wconf 86' lang='lat' dir='ltr'>monasterio</span> <span class='ocrx_word' id='word_1_256' title='bbox 1218 1972 1373 2007; x_wconf 87' lang='lat' dir='ltr'>Peronae</span> <span class='ocrx_word' id='word_1_257' title='bbox 1390 1974 1425 2008; x_wconf 87' lang='lat' dir='ltr'>S.</span> <span class='ocrx_word' id='word_1_258' title='bbox 1445 1975 1620 2010; x_wconf 87' lang='lat' dir='ltr'>Fursaei.’&#39;</span> 
     </span>
     <span class='ocr_line' id='line_1_30' title="bbox 263 2025 1623 2073; baseline 0.007 -15"><span class='ocrx_word' id='word_1_259' title='bbox 263 2026 389 2059; x_wconf 89' lang='lat' dir='ltr'>Petrus</span> <span class='ocrx_word' id='word_1_260' title='bbox 415 2025 612 2058; x_wconf 82' lang='lat' dir='ltr'>Galesinius</span> <span class='ocrx_word' id='word_1_261' title='bbox 639 2027 898 2068; x_wconf 86' lang='lat' dir='ltr'>protonotarius</span> <span class='ocrx_word' id='word_1_262' title='bbox 925 2027 961 2059; x_wconf 90' lang='lat' dir='ltr'>in</span> <span class='ocrx_word' id='word_1_263' title='bbox 988 2026 1243 2073; x_wconf 85' lang='lat' dir='ltr'>Martyrologio</span> <span class='ocrx_word' id='word_1_264' title='bbox 1268 2039 1351 2062; x_wconf 87' lang='lat' dir='ltr'>suo:</span> <span class='ocrx_word' id='word_1_265' title='bbox 1381 2035 1402 2049; x_wconf 79' lang='lat'>‘⁶</span> <span class='ocrx_word' id='word_1_266' title='bbox 1421 2031 1462 2064; x_wconf 93' lang='lat' dir='ltr'>In</span> <span class='ocrx_word' id='word_1_267' title='bbox 1485 2032 1623 2067; x_wconf 85' lang='lat' dir='ltr'>Parona</span> 
     </span>
     <span class='ocr_line' id='line_1_31' title="bbox 260 2081 1620 2134; baseline 0.007 -21"><span class='ocrx_word' id='word_1_268' title='bbox 260 2082 470 2114; x_wconf 88' lang='lat' dir='ltr'>monasterio</span> <span class='ocrx_word' id='word_1_269' title='bbox 488 2081 548 2113; x_wconf 87' lang='lat' dir='ltr'>SS.</span> <span class='ocrx_word' id='word_1_270' title='bbox 568 2081 712 2114; x_wconf 75' lang='lat' dir='ltr'>Fut-saci</span> <span class='ocrx_word' id='word_1_271' title='bbox 730 2082 945 2121; x_wconf 78' lang='lat' dir='ltr'>confessoris,</span> <span class='ocrx_word' id='word_1_272' title='bbox 965 2083 1131 2122; x_wconf 86' lang='lat' dir='ltr'>Floriani,</span> <span class='ocrx_word' id='word_1_273' title='bbox 1150 2088 1185 2117; x_wconf 91' lang='lat' dir='ltr'>et</span> <span class='ocrx_word' id='word_1_274' title='bbox 1203 2085 1336 2124; x_wconf 87' lang='lat' dir='ltr'>Ultani,</span> <span class='ocrx_word' id='word_1_275' title='bbox 1360 2086 1510 2121; x_wconf 85' lang='lat' dir='ltr'>fratrum</span> <span class='ocrx_word' id='word_1_276' title='bbox 1534 2091 1620 2134; x_wconf 83' lang='lat' dir='ltr'>ejus,</span> 
     </span>
     <span class='ocr_line' id='line_1_32' title="bbox 259 2138 1620 2186; baseline 0.007 -16"><span class='ocrx_word' id='word_1_277' title='bbox 259 2149 408 2181; x_wconf 86' lang='lat' dir='ltr'>quorum</span> <span class='ocrx_word' id='word_1_278' title='bbox 426 2142 542 2170; x_wconf 90' lang='lat' dir='ltr'>sancte</span> <span class='ocrx_word' id='word_1_279' title='bbox 560 2143 657 2181; x_wconf 83' lang='lat' dir='ltr'>gesta</span> <span class='ocrx_word' id='word_1_280' title='bbox 675 2138 766 2180; x_wconf 85' lang='lat' dir='ltr'>apud</span> <span class='ocrx_word' id='word_1_281' title='bbox 785 2138 916 2171; x_wconf 85' lang='lat' dir='ltr'>Bedam</span> <span class='ocrx_word' id='word_1_282' title='bbox 935 2141 1048 2172; x_wconf 89' lang='lat' dir='ltr'>sunt.&#39;’</span> <span class='ocrx_word' id='word_1_283' title='bbox 1099 2140 1353 2175; x_wconf 88' lang='lat' dir='ltr'>Monasterium</span> <span class='ocrx_word' id='word_1_284' title='bbox 1371 2144 1436 2176; x_wconf 91' lang='lat' dir='ltr'>hoc</span> <span class='ocrx_word' id='word_1_285' title='bbox 1454 2144 1620 2186; x_wconf 87' lang='lat' dir='ltr'>Parrona,</span> 
     </span>
     <span class='ocr_line' id='line_1_33' title="bbox 262 2193 1620 2235; baseline 0.007 -10"><span class='ocrx_word' id='word_1_286' title='bbox 262 2194 426 2232; x_wconf 79' lang='lat' dir='ltr'>perrona,</span> <span class='ocrx_word' id='word_1_287' title='bbox 445 2193 592 2231; x_wconf 69' lang='lat' dir='ltr'>Parma,</span> <span class='ocrx_word' id='word_1_288' title='bbox 611 2198 645 2226; x_wconf 87' lang='lat' dir='ltr'>et</span> <span class='ocrx_word' id='word_1_289' title='bbox 664 2193 809 2231; x_wconf 81' lang='lat' dir='ltr'>Perona‚</span> <span class='ocrx_word' id='word_1_290' title='bbox 833 2194 934 2227; x_wconf 89' lang='lat' dir='ltr'>hodie</span> <span class='ocrx_word' id='word_1_291' title='bbox 952 2196 1034 2228; x_wconf 86' lang='lat' dir='ltr'>urbs</span> <span class='ocrx_word' id='word_1_292' title='bbox 1053 2195 1186 2230; x_wconf 88' lang='lat' dir='ltr'>Galliae</span> <span class='ocrx_word' id='word_1_293' title='bbox 1205 2199 1440 2233; x_wconf 88' lang='lat' dir='ltr'>munitissima</span> <span class='ocrx_word' id='word_1_294' title='bbox 1457 2202 1492 2233; x_wconf 91' lang='lat' dir='ltr'>in</span> <span class='ocrx_word' id='word_1_295' title='bbox 1512 2202 1620 2235; x_wconf 88' lang='lat' dir='ltr'>Mori-</span> 
     </span>
     <span class='ocr_line' id='line_1_34' title="bbox 260 2249 1620 2301; baseline 0.008 -21"><span class='ocrx_word' id='word_1_296' title='bbox 260 2250 314 2282; x_wconf 88' lang='lat' dir='ltr'>nis</span> <span class='ocrx_word' id='word_1_297' title='bbox 349 2250 391 2282; x_wconf 87' lang='lat' dir='ltr'>ad</span> <span class='ocrx_word' id='word_1_298' title='bbox 427 2249 540 2293; x_wconf 83' lang='lat' dir='ltr'>Belgii</span> <span class='ocrx_word' id='word_1_299' title='bbox 574 2249 771 2288; x_wconf 86' lang='lat' dir='ltr'>confinium,</span> <span class='ocrx_word' id='word_1_300' title='bbox 806 2261 885 2282; x_wconf 89' lang='lat' dir='ltr'>cum</span> <span class='ocrx_word' id='word_1_301' title='bbox 920 2252 1049 2296; x_wconf 86' lang='lat' dir='ltr'>insigni</span> <span class='ocrx_word' id='word_1_302' title='bbox 1084 2254 1266 2298; x_wconf 86' lang='lat' dir='ltr'>collegiata</span> <span class='ocrx_word' id='word_1_303' title='bbox 1302 2257 1452 2295; x_wconf 85' lang='lat' dir='ltr'>ecclesia,</span> <span class='ocrx_word' id='word_1_304' title='bbox 1483 2258 1518 2289; x_wconf 90' lang='lat' dir='ltr'>in</span> <span class='ocrx_word' id='word_1_305' title='bbox 1551 2270 1620 2301; x_wconf 87' lang='lat' dir='ltr'>qua</span> 
     </span>
     <span class='ocr_line' id='line_1_35' title="bbox 260 2305 1618 2354; baseline 0.007 -17"><span class='ocrx_word' id='word_1_306' title='bbox 260 2305 361 2338; x_wconf 87' lang='lat' dir='ltr'>hodie</span> <span class='ocrx_word' id='word_1_307' title='bbox 396 2305 548 2338; x_wconf 86' lang='lat' dir='ltr'>illustres</span> <span class='ocrx_word' id='word_1_308' title='bbox 582 2306 740 2338; x_wconf 88' lang='lat' dir='ltr'>nonnulli</span> <span class='ocrx_word' id='word_1_309' title='bbox 773 2305 876 2344; x_wconf 83' lang='lat' dir='ltr'>Scoti,</span> <span class='ocrx_word' id='word_1_310' title='bbox 911 2306 1138 2348; x_wconf 89' lang='lat' dir='ltr'>Gallovidius,</span> <span class='ocrx_word' id='word_1_311' title='bbox 1172 2310 1364 2351; x_wconf 82' lang='lat' dir='ltr'>Chrestius‚</span> <span class='ocrx_word' id='word_1_312' title='bbox 1399 2312 1618 2354; x_wconf 73' lang='lat' dir='ltr'>Fifflasonus,</span> 
     </span>
    </p>
   </div>
  </div>
 </body>
</html>
