1861 2682
897 279 963 317 xiv

262 382 458 434 parietina
478 381 612 421 arcula
632 380 805 433 protulit
824 392 969 433 panem
989 380 1213 419 secundum
1239 386 1281 418 et
1307 393 1424 432 cepe:
1460 387 1469 403 ‘
1490 380 1602 419 Hae(-

261 447 378 490 sunt:
399 445 466 491 ait,
486 450 495 467 ⁶
514 443 666 483 fercula
686 444 833 496 quibus
854 450 904 489 te,
925 449 966 482 et
986 456 1124 482 carum
1144 448 1185 481 et
1211 448 1387 481 veterem
1417 443 1601 488 amicum,

261 507 434 559 accipi03
466 521 547 545 non
568 507 663 558 quia
682 512 728 544 tu
749 506 826 544 alia
846 520 927 544 non
947 505 1145 551 merearis,
1165 505 1234 543 sed
1251 518 1323 556 ego
1338 504 1503 543 meliora
1519 519 1600 543 non

262 569 398 607 habeo.
457 569 533 607 His
554 583 628 620 ego
648 567 790 606 multis
807 570 891 620 jam
911 567 1026 606 annis
1052 567 1157 605 vitae
1181 566 1371 618 reliquias
1400 567 1601 618 protraho,

262 637 302 669 et
335 637 432 669 sunt
460 644 554 669 sane
585 629 765 669 dulciora
794 644 915 681 quam
941 635 1177 681 magnatum
1202 642 1366 667 mensae
1394 629 1604 680 parasitica

262 698 348 731 arte
364 692 621 731 conciliatae.’
673 692 769 731 Post
788 692 886 730 haec
906 692 1091 737 surrexit,
1112 700 1152 729 et
1172 704 1318 742 aquam
1339 690 1454 729 fictili
1471 704 1602 729 exem-

261 761 384 806 ptam,
414 753 560 806 poculo
591 754 726 806 fagino
754 753 1005 806 propinavit:
1040 767 1122 792 non
1149 753 1278 791 refero
1305 752 1470 804 reliqua,
1500 766 1603 804 quae

263 816 332 854 ille
351 817 453 854 mira
472 815 609 854 vultus
631 816 827 868 gravitate
846 815 1028 867 protulit,
1049 821 1089 853 et
1117 829 1189 866 ego
1212 815 1395 853 intentus
1415 828 1496 852 non
1518 815 1603 852 sine

262 878 447 930 lacrymis
468 879 616 930 excepi.
674 878 755 920 Qui
774 877 873 929 legit
899 877 1007 923 haec,
1033 876 1240 915 clarissimi
1270 876 1344 915 viri
1371 876 1602 915 memoriam

260 954 420 978 mecum
440 940 665 986 honorabit,
686 946 727 979 et
747 945 947 992 quantum
968 939 1174 991 iniquitati
1197 945 1425 990 temporum
1455 939 1498 976 in
1527 939 1604 976 vir-

263 1008 393 1041 tutem
420 1002 549 1049 liceat,
580 1016 715 1041 secum
744 1002 978 1054 perpendet,
1010 1007 1050 1039 et
1079 1001 1217 1039 mirari
1249 1001 1407 1038 desinet
1435 1001 1605 1039 Socratis

262 1065 557 1116 parsimoniam,
586 1071 658 1103 aut
684 1064 851 1116 Epicuri
879 1063 1176 1102 abstinentiam.
1233 1062 1430 1100 Pecunias
1450 1061 1605 1114 aliquot

262 1128 395 1166 mutui
427 1128 591 1166 nomine
622 1127 800 1178 accipere
834 1125 1042 1170 recusavit,
1072 1124 1182 1176 quod
1212 1137 1253 1162 se
1283 1122 1474 1162 solvendo
1502 1138 1606 1162 nun-

262 1203 381 1240 quam
404 1189 591 1227 futurum
617 1202 712 1240 prae
736 1188 924 1226 fortunae
950 1186 1167 1225 acerbitate
1195 1184 1465 1236 intelligeret;
1499 1186 1606 1224 dono

263 1258 398 1289 tamen
430 1250 584 1303 aliquas
616 1251 690 1289 sibi
719 1249 883 1288 concedi
912 1262 1050 1300 passus
1083 1251 1176 1286 est.”
1235 1247 1350 1285 Tom.
1381 1247 1420 1285 ii.
1449 1261 1486 1299 p.
1514 1249 1604 1286 365.

264 1313 481 1359 Nimirum,
500 1313 599 1351 haec
619 1313 689 1364 qui
709 1311 819 1363 legit,
839 1310 1110 1349 honestissimi
1130 1309 1204 1347 viri
1220 1309 1454 1347 memoriam
1470 1315 1603 1348 tecum

262 1375 485 1413 honorabit.
544 1375 622 1412 Pro
642 1375 815 1412 Joamzes
833 1372 1052 1424 legendum
1081 1384 1222 1410 censeo
1252 1371 1433 1409 Jacobus.
1490 1371 1604 1411 Inter

262 1439 349 1488 ejus
375 1451 495 1488 opera
520 1441 700 1475 recenset
721 1435 987 1486 Dempsterus
1013 1439 1033 1456 “
1053 1434 1356 1485 Epigrammata
1375 1433 1604 1472 acutissima

262 1499 373 1537 libris
395 1499 524 1537 tribus
542 1501 575 1543 ;”
606 1504 647 1536 et
666 1498 804 1536 Jacobi
827 1495 1093 1541 Hacarstonii,
1114 1495 1268 1533 tribuni
1288 1493 1478 1541 militum,
1508 1496 1605 1547 Epi-

262 1567 493 1613 grammata,
514 1574 641 1613 pauca
660 1560 825 1611 quidem
847 1558 925 1604 illa‚
957 1563 1098 1596 extant
1126 1557 1233 1596 inter
1262 1555 1434 1595 Delitias
1464 1558 1605 1596 Poeta-

263 1637 353 1662 rum
373 1624 593 1668 Scotorum,
614 1628 709 1661 tom.
730 1622 753 1660 i.
774 1635 812 1673 p.
834 1622 923 1663 376.

315 1685 379 1723 De
398 1684 481 1723 vita
500 1690 541 1722 et
560 1684 717 1735 scriptis
737 1696 912 1728 suorum,
928 1681 1058 1721 multa
1073 1681 1360 1733 Dempsterum
1376 1683 1603 1721 docuerunt

261 1747 562 1799 peregrinantes
583 1751 842 1797 errantesque
862 1745 979 1790 Scoti‚
999 1744 1098 1782 adeo
1119 1749 1167 1781 ut
1186 1744 1415 1783 rumoribus
1430 1750 1472 1782 et
1491 1744 1604 1782 audi-

262 1810 439 1848 tionibus
459 1823 541 1847 non
562 1822 650 1846 raro
671 1808 721 1846 sit
741 1813 974 1859 permotus:
1007 1804 1138 1844 multa
1164 1805 1302 1857 itaque
1332 1806 1374 1844 in
1403 1820 1604 1845 commen-

263 1871 410 1909 tarium
444 1870 596 1916 retulit,
630 1883 733 1921 quae
766 1868 881 1907 nullo
910 1868 1005 1907 satis
1034 1867 1179 1906 idoneo
1208 1873 1372 1907 auctore
1399 1868 1602 1906 nituntur.

264 1933 434 1971 Viderat
453 1939 590 1971 autem
610 1932 806 1984 plurimos
834 1930 967 1976 libros,
993 1943 1016 1968 a
1041 1929 1193 1968 civibus
1219 1930 1301 1968 suis
1329 1930 1481 1982 ubique
1509 1944 1605 1982 gen-

264 1995 368 2033 tium
403 1995 542 2040 editos,
577 1994 648 2046 qui
681 2007 791 2032 nunc
824 1993 930 2031 inter
959 1991 1177 2030 rarissimos
1207 1998 1303 2030 sunt
1331 1992 1531 2037 habendi3
1561 1993 1603 2030 in

264 2057 409 2108 hisque
429 2058 547 2095 rebus
567 2056 666 2095 fides
686 2057 773 2107 ejus
793 2067 1088 2106 nonnunquam
1109 2060 1303 2105 suspecta,
1331 2061 1496 2106 propter
1516 2068 1605 2093 nos-

266 2126 369 2158 tram
390 2125 552 2158 tantum
573 2118 783 2156 inscitiam.
839 2117 950 2155 Citat
969 2116 1192 2154 identidem
1213 2122 1394 2155 auctores
1421 2117 1603 2155 nondum

266 2182 309 2220 in
329 2180 474 2233 vulgus
495 2181 649 2225 editos;
683 2179 806 2225 velut,
827 2179 1007 2217 Forduni
1029 2178 1365 2224 Scotichronicon,
1391 2178 1513 2217 Millii
1536 2179 1605 2216 Vi-

267 2251 327 2283 tas
348 2244 639 2296 Episcoporum
662 2241 1026 2286 Dunkeldensium,
1048 2240 1231 2279 Neutoni
1251 2241 1366 2279 Vitas
1387 2241 1604 2293 Episcopo-

267 2320 358 2346 rum
396 2304 761 2349 Dunblanensium,
801 2303 931 2342 Bruui
965 2302 1235 2349 collectanea,
1268 2303 1349 2342 sive
1382 2303 1604 2342 Historiam
