1861 2682
584 267 756 299 GENTIS
780 266 1050 304 SCOTORUM,
1074 266 1160 298 LIB.
1182 267 1225 298 11.
1532 269 1592 297 115

278 360 436 394 Andreas
460 360 636 395 Melvinus
661 359 811 405 Georgio
838 358 1051 392 Buchanano
1076 359 1290 403 praeceptori
1316 370 1389 398 suo,
1414 364 1447 392 et
1472 360 1589 393 Musa-

230 426 305 447 rum
325 417 458 458 parenti
475 426 482 449 τ

522 511 623 548 Nuper
636 516 675 543 te,
690 510 867 542 Buchanane‚
882 518 945 537 cum
960 508 1084 536 viderem

523 558 660 594 Aegrum,
676 556 881 593 languidulum,
896 561 956 583 toro
965 555 1116 592 jacentem,

522 603 561 630 Et
575 603 641 634 fam,
656 608 684 630 et
698 602 804 639 capulo,
819 602 889 630 heu!
911 601 994 628 nimis
1008 600 1204 638 propinquum,

523 648 607 676 Visus
621 654 682 675 tum
697 648 765 675 mihi
779 657 839 676 sum
855 647 949 675 videre
967 647 1061 674 Musas

521 695 637 731 Aegi-as,
652 693 839 731 languidulos,
853 699 912 721 toro
922 693 1057 729 jacentes,

524 740 562 777 Et
577 740 643 772 fato,
658 745 686 768 et
700 739 808 777 capulo,
823 739 876 767 heu
891 740 896 766 !
918 739 1001 766 nimis
1015 739 1191 777 propinquas.

521 785 596 813 Tum
611 786 684 813 sensi
699 792 731 813 ut
745 785 910 813 meliuscule
924 791 953 812 te
967 785 1078 817 habere,

521 832 585 860 Nec
599 832 673 860 tristi
688 831 801 869 vigilem
816 837 876 859 toro
885 832 988 868 jacere,

523 877 629 905 Verum
643 887 803 915 exsurgere,
818 878 914 904 munia
927 876 1020 914 ampla
1033 876 1118 909 obire,

522 924 627 961 Regem
641 924 739 956 visere,
754 924 828 960 regis
841 928 870 951 et
884 928 1029 951 senatum:

521 969 591 997 Mox
607 969 703 997 Musas
716 969 881 997 meliuscule
894 978 924 996 se
937 968 1049 1000 habere,

518 1015 580 1043 Nec
594 1014 668 1042 tristi
684 1015 782 1051 vigiles
797 1020 856 1042 toro
866 1015 970 1051 jacere,

519 1060 625 1088 Verum
640 1070 800 1098 exsurgere,
815 1061 913 1089 munia
927 1059 1019 1097 ampla
1031 1060 1116 1093 obire,

520 1105 626 1143 Regem
641 1106 740 1139 visere,
755 1108 805 1134 &c-

270 1200 383 1233 Natus
410 1206 461 1233 est
486 1201 617 1233 calend.
644 1200 810 1234 Februar.
838 1212 929 1235 anno
957 1209 1076 1234 MDVI.
1102 1201 1190 1235 obiit
1216 1213 1298 1236 vero
1328 1212 1474 1237 xxvm.
1502 1204 1584 1247 Sep-

222 1256 324 1288 temb.
353 1267 443 1288 anno
468 1264 695 1288 MDLxxxn.
719 1262 760 1289 ut
783 1257 819 1289 in
843 1256 962 1290 Indice
983 1257 1237 1303 chronologico
1259 1258 1486 1299 observatum
1515 1272 1583 1303 quo

221 1312 331 1355 magis
358 1311 477 1344 mirari
503 1311 626 1344 subeat
655 1312 843 1344 amentiam
873 1315 1212 1347 contumeliosissimi
1243 1321 1421 1359 apostatae
1450 1317 1581 1356 Balaei,

220 1369 279 1409 qui
306 1368 460 1400 centuria
487 1375 571 1400 XIV.
598 1377 743 1400 numero
770 1376 883 1401 LXXI.
912 1372 934 1387 “
951 1368 1223 1403 Buchananum''
1250 1372 1299 1405 ait
1326 1375 1347 1391 ‘⁸
1363 1374 1583 1418 evangelium

220 1434 346 1466 magno
364 1423 500 1457 fervore
524 1422 692 1462 docuisse,
710 1434 749 1456 ac
766 1423 890 1457 deinde
908 1424 989 1469 igne
1008 1429 1197 1459 crematum
1217 1427 1260 1460 ob
1279 1428 1436 1461 veritatis
1454 1429 1583 1471 profes-

220 1481 351 1512 sionem
369 1491 389 1512 a
411 1479 579 1512 Sodomae
601 1480 792 1522 tyrannis.”
843 1480 1043 1524 Impostura
1066 1482 1260 1525 multiplex,
1284 1494 1364 1516 nam
1389 1495 1499 1528 neque
1527 1486 1582 1517 ille

221 1546 375 1578 unquam
393 1535 612 1579 evangelium
635 1535 762 1575 docuit,
786 1541 826 1569 ut
849 1537 923 1570 vita
944 1548 964 1570 a
981 1547 1017 1570 se
1035 1537 1164 1580 scripta
1181 1544 1261 1572 ante
1279 1544 1426 1572 mortem
1445 1540 1582 1573 biennio

220 1596 389 1629 testatum
417 1601 527 1634 neque
545 1591 625 1635 igne
643 1596 825 1631 crematus,
852 1603 928 1626 cum
949 1597 1149 1636 praeceptor
1167 1594 1258 1639 regis
1275 1594 1407 1634 Jacobi,
1433 1600 1473 1628 ut
1496 1596 1579 1635 dixi,

219 1646 429 1691 Edimburgi
448 1647 641 1686 decesserit,
662 1646 869 1681 Bucholzeri
891 1660 971 1694 pag.
993 1657 1173 1682 Dccxvn.
1200 1651 1258 1683 sed
1276 1650 1427 1684 haeresis
1444 1653 1581 1684 menda-

219 1703 279 1735 ciis
310 1703 440 1741 crescit,
472 1708 506 1736 et
537 1702 625 1735 nihil
655 1707 726 1736 tam
757 1703 932 1746 impurum
964 1705 1058 1748 quod
1088 1705 1217 1739 Balaeo
1247 1717 1317 1739 non
1347 1707 1392 1739 sit
1423 1707 1579 1751 dignum.

220 1758 450 1801 Epitaphium
476 1759 551 1803 ejus
577 1770 598 1792 a
623 1758 775 1802 Josepho
801 1759 975 1805 scaligero
1001 1761 1179 1794 conditum
1205 1773 1387 1805 apponam,
1413 1764 1494 1806 quia
1518 1766 1580 1797 ele-

222 1825 317 1856 gans,
336 1819 368 1847 et
387 1825 467 1848 vera
486 1816 586 1848 laude
604 1816 756 1858 plenum,
775 1826 837 1848 nec
855 1820 926 1849 tam
945 1817 1058 1860 ipsum
1077 1817 1206 1855 laudat,
1225 1829 1329 1861 quam
1348 1820 1506 1861 patriam.

517 1910 666 1947 Postquam
682 1908 764 1936 laude
778 1914 828 1937 tua
842 1910 969 1946 patriam,
985 1910 1148 1947 meritisque
1163 1911 1260 1943 beasti,

554 1955 735 1988 Buchanane,
749 1955 807 1983 tuis
821 1955 885 1983 solis
899 1961 1052 1993 utrumque
1066 1955 1150 1988 latus,

516 2001 692 2038 Contemptis
705 2001 814 2038 opibus,
829 2002 929 2038 spretis
944 2001 1125 2039 popularibus
1139 2003 1221 2033 auris.

554 2046 749 2083 Ventosaeque
762 2046 849 2084 fugax
863 2048 1022 2075 ambitionis
1035 2047 1104 2080 obis,

518 2092 646 2120 Praemia
659 2093 744 2129 quina
757 2098 856 2129 quater
871 2093 984 2121 Pisaeae
998 2093 1112 2122 functus
1126 2094 1223 2127 olivae,

556 2138 594 2165 Et
608 2137 738 2174 linquens
751 2139 836 2166 animi
850 2139 965 2176 pignora
980 2149 1040 2167 rara
1054 2140 1096 2168 tui
1109 2151 1115 2167 ε

517 2183 550 2210 Ιιι
565 2183 668 2219 quibus
681 2183 756 2211 haud
770 2183 821 2211 tibi
835 2194 864 2212 se
878 2185 1045 2219 anteferent,
1059 2195 1128 2223 quos
1144 2185 1216 2215 itala
1230 2194 1306 2216 vates

558 2228 644 2256 Terra
660 2228 754 2263 dedit;
775 2239 826 2257 nec
839 2240 907 2269 quos
922 2230 1016 2259 Gallia
1029 2238 1117 2261 mater
1131 2232 1190 2264 alit,
