1861 2682
263 243 324 273 206
637 244 865 276 HISTORIA
890 245 1254 277 ECCLESIASTICA

265 336 403 369 sedente
433 337 469 368 in
500 336 595 369 Petri
625 336 787 368 cathedra
816 335 1004 372 Vitaliano,
1034 335 1089 367 Jo.
1122 336 1296 373 Leslaeus,
1325 336 1379 368 vel
1409 346 1499 368 anno
1532 345 1616 369 DCC.

266 391 437 424 Trithem.
457 396 490 424 et
508 391 636 424 Uvion.

586 502 620 535 S.
648 500 897 535 GEORGIUS
922 500 1169 534 DURAEUS.
1222 504 1301 538 374.

266 620 285 632 ‘⁶
305 614 338 646 S.
358 614 564 647 GEORGIUS
586 613 757 651 Duraeus‚
779 612 883 644 abbas
906 611 1220 652 Dumfermilensis,
1247 613 1379 646 Christi
1405 614 1519 647 hostia
1543 616 1619 648 effe-

264 675 350 708 ctus,
368 670 494 703 laboris
512 670 565 702 sui
583 669 775 712 praemium
794 668 901 700 vitam
920 672 1095 701 aeternam
1113 669 1242 712 accepit
1264 669 1300 701 in
1324 670 1436 708 coelis,
1461 675 1495 703 et
1514 671 1620 704 hono-

265 736 336 758 rem
355 726 481 758 sanctis
499 725 654 757 debitum
671 725 708 756 in
726 724 857 762 te1·1·is,”
875 724 924 756 ait
941 723 1106 756 Nicolaus
1125 723 1298 757 sanderus
1317 725 1375 757 lib.
1392 734 1461 758 VII.
1480 727 1521 759 de
1539 727 1620 759 visi-

263 781 323 813 bili
353 780 567 813 Monarchia.
632 779 705 812 Nec
734 784 850 812 tamen
880 779 922 811 de
951 779 1006 811 die
1038 790 1106 822 quo
1136 786 1267 812 sacram
1296 780 1389 813 illius
1418 783 1619 815 memoriam

264 837 391 869 recolat
419 836 569 873 ecclesia,
599 839 744 868 constat.
808 834 881 867 Nec
911 835 952 867 de
979 835 1116 877 scriptis
1142 835 1261 878 liquet,
1288 846 1394 878 quare
1422 847 1499 868 eum
1530 838 1620 870 inter

264 892 340 924 illos
357 896 503 929 sanctos,
521 902 670 934 quorum
688 892 819 924 natales
837 891 1054 934 ignorantur,
1071 891 1225 933 reposuit
1249 890 1394 924 Arnold.
1420 891 1536 925 Uvion
1560 893 1618 926 lib.

269 957 327 980 III.
346 947 425 992 Lig.
444 946 546 980 Vitae
565 958 643 991 pag.
663 955 846 980 ceccxw.

311 1003 441 1036 Passus
463 1008 516 1036 est
540 1014 630 1036 anno
650 1012 798 1035 MDLXI.
827 1011 956 1035 XXVII.
980 1001 1125 1034 Januar.
1154 1002 1302 1035 Biennio
1328 1007 1406 1045 post
1432 1004 1552 1037 beatus
1577 1005 1619 1037 ab

266 1059 452 1101 apostolica
472 1059 550 1091 sede
569 1059 791 1091 renunciatus
809 1058 864 1090 die
882 1057 976 1102 Aug.
998 1066 1049 1089 VI.

693 1170 727 1203 S.
754 1169 1060 1203 DROSTANUS.
1113 1173 1192 1206 375.

266 1288 286 1302 “
303 1284 337 1316 S.
357 1284 626 1321 DROSTANUS‚”
645 1283 694 1316 ait
712 1282 758 1315 H.
778 1283 947 1316 Boethius
964 1282 1023 1314 lib.
1042 1291 1096 1314 lx.
1118 1282 1251 1315 Histor.
1271 1282 1361 1316 Scot.
1381 1293 1459 1327 pag.
1479 1292 1616 1317 eLxxr.

267 1345 286 1358 ‘⁶
316 1340 407 1384 regis
441 1339 571 1372 Aidani
607 1340 810 1377 avunculus,
844 1337 1037 1382 profligatis
1071 1338 1191 1370 mundi
1226 1338 1393 1371 illecebris
1430 1341 1619 1372 monastico

266 1400 446 1428 contentus
471 1395 643 1432 instituto,
668 1395 778 1426 multa
801 1394 983 1426 sanctitate
1004 1394 1182 1438 insignis.''
1231 1393 1285 1426 Jo.
1313 1393 1476 1427 Leslaeus
1502 1396 1617 1427 eadem

266 1452 341 1483 libr.
362 1460 413 1483 IV.
432 1462 510 1494 pag.
530 1458 624 1483 CLII.
643 1448 788 1483 Arnold.
809 1450 925 1482 Uvion
943 1449 1001 1482 lib.
1023 1458 1073 1481 IV.
1099 1460 1172 1492 cap.
1192 1457 1305 1481 XXVI.
1357 1449 1415 1481 An
1437 1450 1467 1482 is
1492 1451 1537 1483 sit
1559 1452 1618 1493 qui

266 1507 441 1552 Argadiae
459 1507 602 1539 verbum
621 1508 714 1539 vitae
732 1506 910 1538 nuntiasse
927 1506 1060 1548 primus
1078 1505 1253 1537 ferebatur
1267 1510 1405 1537 auctore
1419 1505 1441 1537 J
1443 1517 1519 1539 oan.
1535 1506 1620 1539 For—

267 1563 370 1601 duno,
388 1563 475 1595 mihi
493 1568 545 1595 est
562 1564 828 1606 inexploratum.
880 1560 970 1605 Ejus
988 1561 1151 1593 laudatur
1168 1561 1292 1593 ibidem
1314 1571 1400 1603 opus

411 1618 463 1650 De
482 1618 693 1661 Contemptu
712 1617 837 1650 Mundi
1178 1616 1236 1649 lib.
1259 1624 1282 1648 1.

316 1674 415 1706 Vixit
429 1685 519 1706 anno
535 1682 583 1706 DC
591 1683 640 1706 VI.
676 1673 822 1705 Sanctus
836 1673 960 1705 colitur
974 1681 1060 1704 XIX.
1080 1671 1299 1705 Novembris.
1344 1672 1525 1705 Breviaria
1541 1674 1619 1706 Sco-

270 1731 346 1768 tica,
367 1735 400 1761 et
419 1740 602 1762 consensus
621 1729 839 1762 ecelesiarum
857 1733 1063 1761 nostratum.

693 1839 726 1871 S.
754 1838 1063 1873 DUNSTANUS.
1116 1838 1194 1875 376.

269 1956 302 1987 S.
322 1956 566 1987 DUNSTANUS
584 1964 653 1986 non
675 1953 747 1985 sine
770 1952 921 1984 maxima
942 1951 1134 1984 sanctitatis
1161 1951 1319 1993 opinione
1346 1950 1473 1989 floruit,
1499 1952 1620 1994 priscis

270 2012 336 2044 illis
350 2012 430 2055 jure
447 2009 736 2045 annumerandus,
755 2008 815 2049 qui
834 2007 1010 2039 Romanae
1027 2007 1185 2039 ecclesiae
1202 2007 1407 2050 dignitatem
1425 2018 1465 2039 eo
1488 2008 1523 2039 in
1544 2019 1619 2051 reg-

271 2078 316 2099 no
338 2072 476 2098 strenue
498 2067 774 2107 propugnarunt.
824 2062 924 2094 Joan.
943 2061 1105 2094 Leslaeus
1123 2062 1181 2094 lib.
1202 2070 1254 2094 IV.
1282 2062 1414 2095 Histor.
1434 2062 1522 2096 Scot.
1541 2075 1619 2107 pag.

273 2131 382 2154 CLIII.
409 2126 428 2139 ‘⁶
446 2120 559 2152 Erant
582 2119 648 2151 illis
670 2129 806 2161 quoque
829 2118 948 2150 diebus
971 2118 1006 2149 in
1029 2117 1143 2150 Scotia
1168 2122 1238 2150 tres
1260 2118 1414 2151 doctrina
1438 2124 1471 2151 et
1494 2119 1621 2161 pietate

273 2181 485 2220 praestantes
504 2175 581 2212 viri,
600 2175 739 2206 natione
757 2174 859 2206 etiam
879 2173 981 2210 Scoti,
1002 2173 1183 2206 Hebredus
1198 2173 1335 2210 scilicet,
1354 2173 1569 2212 Dunstanus,
1588 2180 1619 2206 et

273 2233 478 2270 C0nua11us3
498 2241 644 2273 quorum
660 2230 824 2262 memoria
841 2230 943 2262 etiam
959 2229 1023 2261 hoc
1037 2234 1155 2262 nostro
1169 2240 1252 2261 aevo
1264 2229 1354 2271 apud
1366 2229 1484 2262 Scotos
1496 2240 1621 2273 magna

275 2288 469 2321 celebritate
487 2286 688 2319 colebatur.”
739 2285 797 2317 An
815 2285 988 2327 scripserit
1007 2285 1148 2327 aliquid,
1166 2285 1252 2317 mihi
1271 2288 1323 2316 est
1341 2284 1604 2327 inexploratum.
