1861 2682
258 278 299 309 62
628 277 854 312 HISTORIA
877 279 1243 313 ECCLESIASTICA

406 370 510 405 Musa
527 372 728 415 campestris
1177 372 1237 405 lib.
1258 380 1281 404 1.

404 425 652 471 Thymiamata
669 427 853 461 Musarum
1179 427 1239 460 lib.
1259 435 1283 459 Ι.

403 481 634 527 Psychologia
652 482 789 517 Medica
805 487 840 516 et
857 481 1101 526 Philosophica
1177 481 1237 515 lib.
1258 491 1282 515 1.

402 536 500 571 Seria
517 538 628 572 mixta
640 539 740 584 jocis,
759 539 915 577 Parisiis,
1175 537 1236 571 lib.
1256 546 1280 571 1.

400 592 645 628 Deambulatio
662 594 914 638 Metaphysica‚
934 593 1112 639 Lugduni,
1173 593 1232 627 lib.
1252 602 1277 627 1.

401 648 529 692 Stirpis
547 649 743 683 Borboniae
761 649 925 682 Felicitas
1172 649 1232 683 lib.
1251 658 1276 683 Ι.

305 704 338 737 V
339 704 403 737 ivit
434 704 555 743 adhuc,
581 709 616 738 et
641 705 742 748 plura
766 705 932 738 molitur:
970 705 1106 738 utinam
1134 705 1266 740 sincere
1294 704 1373 740 fidei
1405 705 1617 740 orthodoxae

256 761 376 793 cultor.

607 871 874 906 ROBERTUS
899 872 1132 907 AITONUS.
1185 875 1264 907 112.

253 984 466 1018 ROBERTUS
483 984 647 1025 Aitonus,
668 985 776 1019 nobili
793 986 866 1019 loco
883 990 997 1025 natus,
1015 996 1152 1020 summa
1169 985 1378 1029 eloquentia,
1397 986 1609 1028 incompara-

252 1039 312 1072 bili
330 1051 467 1074 morum
484 1041 657 1074 suavitate
675 1052 714 1074 ac
731 1041 910 1080 modestia,
928 1042 989 1074 diu
1006 1042 1042 1074 in
1060 1041 1182 1075 Galliis
1200 1042 1308 1075 bonas
1334 1045 1425 1074 artes
1451 1041 1612 1079 excoluit,

251 1100 284 1128 et
301 1097 515 1139 praeclarum
533 1107 614 1130 suae
633 1096 775 1129 virtutis
792 1097 965 1139 specimen
990 1108 1184 1140 nomenque
1207 1097 1348 1140 reliquit
1364 1106 1371 1129 :
1398 1096 1537 1130 tandem
1562 1107 1612 1130 re-

251 1151 333 1190 dux,
364 1162 467 1195 eques
498 1156 641 1186 auratus
670 1151 895 1185 renunciatus
925 1152 1192 1197 augustissimae
1223 1151 1374 1196 Magnae
1405 1152 1609 1185 Britanniae

250 1207 389 1251 reginae
416 1218 437 1239 a
465 1208 614 1247 secretis,
645 1219 685 1241 ea
714 1219 749 1241 se
779 1207 1014 1241 moderatione
1042 1208 1150 1252 gessit
1179 1212 1213 1241 et
1238 1208 1434 1251 prudentia,
1465 1211 1505 1240 ut
1530 1217 1607 1240 cum

249 1272 376 1306 magna
393 1269 481 1297 esset
498 1264 535 1297 in
553 1265 633 1297 aula
646 1268 860 1302 consecutus,
877 1263 1010 1307 majora
1027 1274 1106 1296 eum
1125 1273 1243 1297 omnes
1261 1263 1386 1296 mereri
1404 1262 1607 1296 faterentur.

249 1317 338 1362 Ejus
357 1324 439 1353 sunt
456 1321 548 1364 stylo
565 1320 682 1353 omnia
700 1319 890 1353 tersissimo
908 1330 1055 1362 raraque
1072 1318 1284 1352 inventionis
1301 1317 1476 1352 felicitate.

392 1375 557 1408 Poemata
576 1375 707 1408 Graeca
1166 1374 1225 1407 lib.
1245 1383 1270 1406 1.

392 1430 558 1464 Poemata
575 1430 704 1464 Latina
1165 1430 1224 1463 lib.
1244 1439 1268 1463 Ι.

392 1486 557 1519 Poemata
575 1486 710 1519 Scotica
1164 1485 1223 1518 lib.
1245 1494 1269 1518 1.

391 1541 558 1576 Poemata
575 1542 709 1575 Gallica
1163 1541 1223 1574 lib.
1244 1548 1269 1572 1.

294 1596 393 1630 Vivit
410 1598 511 1632 hodie
530 1599 566 1632 in
584 1599 664 1632 aula
680 1597 894 1637 Britannica,
915 1598 973 1632 sed
990 1598 1090 1641 quasi
1107 1596 1144 1630 in
1163 1596 1335 1630 Parnasso
1353 1601 1413 1630 aut
1431 1595 1578 1640 Cyrrha-

609 1765 847 1800 ANDREAS
872 1764 1103 1799 AIDAEUS.
1156 1766 1237 1798 113.

243 1883 441 1916 ANDREAS
460 1879 613 1913 Aidaeus
631 1878 901 1917 Aberdonensis,
920 1877 1109 1910 commilito
1129 1876 1211 1910 olim
1230 1887 1337 1915 meus,
1357 1875 1415 1909 sed
1435 1875 1478 1908 ab
1491 1876 1602 1919 impu-

242 1940 374 1972 bertate
393 1947 462 1970 non
480 1936 586 1974 visus,
605 1936 641 1968 in
659 1934 857 1972 Germania,
875 1932 1044 1971 Dantisci‚
1062 1936 1101 1965 ut
1115 1932 1228 1971 audio,
1242 1937 1276 1965 et
1289 1931 1412 1976 Belgio
1426 1930 1533 1964 bonas
1547 1942 1601 1964 ar-

244 2000 295 2027 tes
313 1993 465 2026 exercuit
483 2002 561 2025 cum
579 1991 691 2029 laude,
710 1989 947 2023 Kekermanni
964 1988 1058 2021 illius
1080 1988 1260 2021 clarissimi
1275 1998 1458 2021 successor.
1510 1986 1600 2031 Ejus

243 2053 324 2083 sunt
339 2057 347 2080 t

385 2101 644 2137 Commentaria
661 2102 698 2134 in
717 2100 823 2133 libros
840 2098 1041 2133 Aristotelis
1060 2099 1103 2132 ad
1121 2098 1370 2133 Nicomachum
1446 2099 1505 2132 lib.
1526 2108 1550 2132 1.

386 2159 537 2203 Eclogae
554 2157 680 2195 decem,
698 2156 855 2199 exemplo
874 2160 907 2188 et
925 2155 1059 2188 mimesi
1078 2154 1284 2200 Virgiliana.

387 2214 637 2248 Genethliacon
655 2212 828 2255 Principis
846 2211 1009 2250 Palatini,
1029 2210 1303 2256 Heydelbergae,
1446 2211 1504 2244 lib.
1525 2219 1549 2243 1.

287 2271 386 2305 Vivit
404 2270 525 2309 adhuc,
544 2273 577 2303 et
595 2269 716 2308 multa,
733 2272 773 2302 ut
791 2268 920 2308 ferunt,
946 2267 989 2301 ab
1006 2278 1046 2300 eo
1063 2267 1193 2312 ingenii
1215 2271 1439 2301 monumenta
1456 2266 1596 2310 promit-

241 2332 373 2362 tuntur.
