1861 2682
321 236 384 266 232
693 234 916 266 HISTORIA
940 233 1300 265 ECCLESIASTICA

468 327 646 360 Sermones
663 326 704 357 de
723 325 893 366 Tempore
1233 323 1291 355 lib.
1312 331 1336 355 1.

468 380 714 415 Commentarii
731 380 767 412 in
785 379 977 423 Evangelia
1232 377 1290 410 lib.
1311 386 1337 409 Ι.
1359 376 1563 411 Franciseus
1581 378 1673 412 Gon-

515 448 601 481 zaga
617 440 705 478 part.
725 444 748 467 1.
767 445 845 478 pag.
866 441 1051 466 LXXXVII.

468 493 510 525 In
527 492 723 534 Epistolam
741 491 784 522 ad
802 489 976 522 Romanos
1229 487 1286 521 lib.
1307 497 1331 520 1.
1382 487 1526 521 Ibidem.

374 548 470 581 Obiit
493 547 654 580 Coloniae
676 545 892 589 Agrippinae
915 552 1001 576 vm.
1025 543 1194 576 Novemb.
1226 554 1316 576 anno
1341 544 1444 576 salut.
1475 552 1669 576 mcccv-111.

326 616 365 637 eo
392 615 481 636 anno
508 614 576 646 quo
604 601 755 633 Henrico
780 599 1052 643 Lucemburgico
1081 598 1163 632 VII.
1202 599 1386 642 imperium
1423 603 1475 631 est
1505 599 1668 632 delatum.

328 659 486 692 Chronic.
514 658 679 700 Hirsaug.
730 655 863 687 Errant
885 655 945 697 qui
966 655 1002 686 in
1024 664 1154 686 annum
1175 662 1383 686 MCCCXXX.
1408 654 1581 698 rejiciunt,
1609 665 1669 686 nec

325 716 440 747 minus
474 713 645 746 Gesnerus
687 712 723 743 in
756 710 971 742 Bibliotheca
1011 714 1045 742 et
1084 709 1241 752 Raphael
1274 708 1443 742 Maffaeus
1475 709 1672 742 Volaterra-

325 781 391 802 nus
420 769 477 801 lib.
509 776 594 799 XX1.
624 777 702 810 pag.
733 774 902 798 DCXXXI.
932 765 1019 807 lapsi
1049 770 1142 803 sunt,
1175 765 1258 797 dum
1292 764 1392 807 stylis
1426 765 1673 807 discipulorum

325 824 519 857 confossum
538 822 691 860 tradunt,
709 821 800 864 quod
818 821 859 853 de
875 819 1009 853 Joanne
1027 820 1128 853 Scoto
1146 821 1247 864 longe
1265 820 1307 852 ab
1321 819 1388 852 isto
1402 819 1538 852 diverso
1552 830 1671 852 verum

325 886 386 918 est,
405 883 438 911 et
456 878 547 911 infra
565 890 585 911 a
604 888 658 910 me
682 877 892 919 expedietur.
943 876 1113 919 Denique,
1136 880 1177 909 ut
1201 879 1314 908 totum
1341 875 1382 907 de
1403 875 1462 908 illo
1480 886 1671 908 sermonem

326 935 511 973 absolvam,
530 934 717 966 auctoritas
735 932 882 965 Antonii
905 931 1077 970 Andreae,
1102 935 1313 975 symmystae
1337 934 1372 962 et
1397 930 1557 972 discipuli
1583 931 1672 974 ejus-

325 992 402 1023 dem
417 990 577 1022 Doctoris
595 989 749 1026 Subtilis,
769 988 829 1030 qui
844 996 916 1020 XII.
935 992 1013 1030 post
1027 998 1105 1020 eum
1123 998 1213 1019 anno
1231 986 1414 1018 defunctus
1432 990 1483 1018 est
1498 995 1507 1024 ;
1534 986 1563 1018 is
1581 986 1673 1018 enim

326 1046 519 1078 Comment.
534 1045 576 1077 ad
590 1044 649 1076 lib.
666 1053 738 1076 XII.
757 1043 937 1086 Metaphy.
953 1043 995 1075 ad
1010 1043 1111 1075 finem
1124 1052 1133 1075 t
1153 1047 1172 1060 ‘⁶
1186 1041 1275 1074 Tam
1290 1041 1478 1079 sentiendo,
1493 1052 1596 1084 quam
1614 1052 1672 1073 no-

325 1102 430 1134 tando
459 1101 650 1133 doctrinam
674 1100 766 1131 illius
790 1099 1005 1131 subtilissimi
1029 1103 1064 1131 et
1086 1097 1363 1130 excellentissimi
1387 1096 1546 1135 doctoris,
1572 1097 1669 1140 cujus

324 1157 417 1189 fama
434 1161 468 1189 et
486 1156 650 1188 memoria
667 1155 703 1186 in
721 1154 955 1187 benedictione
973 1159 1034 1193 est,
1058 1154 1118 1197 qui
1135 1157 1215 1196 pote
1238 1163 1301 1185 sua
1324 1162 1420 1185 sacra
1443 1156 1477 1184 et
1501 1151 1672 1194 profunda

325 1212 481 1245 doctrina
498 1216 609 1243 totum
628 1210 744 1243 orbem
767 1210 978 1252 adimplevit,
1002 1214 1036 1243 et
1057 1209 1140 1242 facit
1162 1218 1332 1245 resonare,
1356 1207 1482 1239 scilicet
1501 1206 1671 1251 Magister

324 1268 475 1301 Joannes
493 1267 604 1304 Dum,
626 1266 685 1308 qui
713 1265 780 1298 fuit
805 1266 943 1298 natione
961 1265 1093 1303 Scotus,
1113 1264 1278 1308 religione
1296 1262 1446 1295 Minor.'’
1487 1262 1670 1295 Bartholo-

325 1335 422 1356 maeo
442 1323 568 1355 Pisano
585 1322 682 1364 paria
703 1321 871 1354 scribente
894 1322 936 1353 ad
962 1320 1167 1353 Conformit.
1194 1327 1249 1351 XI.
1276 1322 1366 1360 part.
1386 1326 1426 1349 11.
1452 1328 1530 1361 pag.
1556 1326 1669 1350 exui.

326 1379 391 1411 Sed
410 1379 486 1420 quis
505 1377 705 1419 epithaphio
723 1376 961 1409 contradicat?
1012 1375 1102 1408 Satis
1121 1375 1185 1407 erit
1208 1375 1251 1407 ad
1268 1373 1402 1417 Anglos
1430 1372 1670 1416 Hibernosque

326 1445 384 1477 spe
403 1444 465 1466 sua
482 1433 699 1477 dejiciendos.
751 1431 842 1464 Illud
859 1432 907 1464 sic
923 1432 1025 1464 hodie
1043 1430 1204 1463 Coloniae
1222 1429 1360 1473 legitur,
1385 1433 1419 1461 et
1442 1428 1544 1460 habet
1562 1428 1670 1461 Fran-

326 1490 434 1522 ciscus
462 1489 627 1532 Gonzaga
651 1493 740 1530 part.
767 1497 791 1520 1.
817 1498 896 1531 pag.
916 1495 1086 1520 LXXXVI.
1114 1486 1239 1518 Petrus
1265 1483 1481 1526 Cratepolius
1508 1482 1669 1527 Episcop-

325 1544 440 1578 Germ.
459 1556 537 1590 pag.
557 1553 636 1577 XCI.

730 1613 821 1641 Scotia
834 1623 878 1640 me
891 1613 999 1650 genuit,

727 1658 831 1695 Anglia
845 1658 975 1695 suscepit,

729 1703 822 1731 Gallia
836 1703 966 1735 erudivit,

728 1750 841 1777 Colonia
855 1749 904 1776 sed
917 1759 991 1776 nunc
1005 1753 1092 1776 tenet.

373 1824 466 1857 Dum
492 1828 590 1856 nocte
615 1822 808 1855 nativitatis
834 1821 1022 1854 dominicae
1048 1825 1171 1859 oraret,
1198 1820 1350 1852 salvator
1371 1820 1443 1862 ipse
1466 1819 1496 1851 ei
1520 1829 1556 1851 se
1581 1823 1667 1851 trac-

326 1881 469 1912 tandum
488 1880 585 1922 pueri
603 1879 713 1921 specie
730 1878 884 1910 tradidit.
935 1877 1105 1909 Chronica
1130 1875 1302 1908 Francisc.
1330 1879 1418 1917 part.
1446 1883 1486 1907 11.
1513 1874 1571 1906 lib.
1598 1882 1666 1905 vn.

326 1946 398 1978 cap.
419 1944 476 1967 111.

806 2026 1050 2060 DONATUS.
1103 2028 1182 2058 422.

326 2101 518 2133 DONATUS
552 2102 588 2133 in
621 2099 734 2142 patria
766 2098 810 2131 D.
845 2098 1023 2131 Benedicti
1052 2099 1207 2142 regulam
1233 2097 1380 2141 juravit,
1416 2103 1491 2130 tum
1526 2097 1561 2129 S.
1592 2097 1666 2129 Ma-

325 2158 422 2189 riano
456 2167 566 2189 comes
600 2155 887 2200 peregrinationis
921 2153 1154 2192 Germanicae,
1185 2153 1336 2186 inclusus
1366 2153 1515 2196 primum
1545 2153 1589 2185 ad
1621 2151 1665 2184 D.

326 2212 420 2244 Petri
460 2213 631 2249 sacellum,
674 2222 755 2243 mox
795 2210 877 2243 novi
916 2209 1095 2242 Scotorum
1142 2208 1294 2242 coenobii
1336 2209 1533 2246 monachus,
1576 2208 1666 2250 quod

326 2268 497 2301 Henricus
526 2267 733 2311 burgravius
766 2274 808 2300 11.
842 2265 951 2298 Scotis
985 2266 1174 2310 peregrinis
1206 2265 1329 2298 ibidem
1361 2265 1491 2298 exstrui
1522 2264 1663 2297 curavit.
