1861 2682
270 211 332 242 306
641 212 868 245 HISTORIA
891 211 1254 244 ECCLESIASTICA
1289 224 1298 229 ⁷*

272 304 349 336 albo
367 304 537 347 ascriptus
554 308 617 337 est.
668 304 805 336 Colitur
821 303 875 335 die
899 311 958 335 111.
983 303 1083 336 Maii.
1132 303 1264 336 Molan.
1290 302 1472 337 Addition.
1499 303 1626 338 Usuar.

272 358 389 392 Uvion
407 360 466 393 lib.
485 368 544 392 111.
562 370 640 403 pag.
659 366 764 391 CLVI.
783 363 817 391 et
834 358 893 390 lib.
909 366 960 391 vl.
980 369 1052 401 cap.
1068 367 1182 392 XXIV.
1201 369 1244 391 ex
1257 358 1411 398 Leslaeo,
1427 370 1530 402 quem
1549 360 1628 393 vide

272 415 332 448 lib.
353 423 405 447 VI.
422 426 501 458 pag.
522 422 694 447 ccxxm.
747 413 893 456 Scripsit

415 469 714 503 Commentarium
732 470 768 501 in
786 469 958 514 Regulam
976 469 1256 504 Ecclesiasticam
1354 471 1413 504 lib.
1441 495 1450 504 .
1478 495 1486 504 .

321 525 459 559 Floruit
476 536 566 559 anno
586 533 742 558 Mchx.

700 636 735 670 S.
763 636 1067 671 GUINOTHUS.
1120 636 1203 676 569.

273 752 307 784 S.
327 751 577 788 GUINOTHUS‚
595 749 700 782 abbas
719 748 905 788 Deiranus,
922 749 1124 783 Alexandro
1142 750 1209 783 ΙΙΙ.
1233 751 1307 795 regi
1330 761 1352 784 a
1374 753 1497 785 sacello
1522 756 1556 785 et
1578 762 1630 785 sa-

273 808 339 840 cris
354 806 580 839 conscientiae
593 804 672 843 fuit,
687 805 892 838 eruditionis
906 806 1101 838 mundanae
1115 806 1255 849 quidem
1269 807 1407 845 callens,
1421 808 1480 840 sed
1493 808 1631 841 divinae

275 862 464 905 sapientiae
481 861 626 904 cupidus
643 861 756 905 magis
774 861 986 894 observator.
1037 861 1127 894 Cum
1144 863 1316 906 legatione
1343 863 1386 895 ad
1412 862 1631 896 Florentium

276 918 484 951 Hollandiae
518 917 679 950 comitem
713 917 928 962 fungeretur,
969 928 1096 962 magno
1129 918 1222 962 regis
1260 918 1387 957 dolore,
1430 919 1490 952 sed
1530 919 1632 964 longe

275 975 417 1018 majore,
455 973 499 1006 ob
536 973 754 1005 incommoda
789 983 877 1016 quae
909 978 1029 1016 postea
1063 979 1263 1013 evenerunt,
1298 974 1397 1019 regni
1426 975 1534 1008 totius
1563 975 1632 1008 dis-

275 1030 410 1073 pendio,
438 1029 511 1062 vita
536 1028 689 1068 functus,
718 1039 757 1061 ac
781 1029 818 1061 in
843 1029 992 1071 patriam
1018 1030 1160 1068 relatus,
1190 1030 1325 1075 ingenti
1352 1030 1533 1074 signorum
1560 1032 1633 1076 glo-

276 1086 328 1119 ria
362 1084 534 1123 inclaruit,
569 1084 613 1117 ab
646 1084 805 1127 episcopo
838 1083 1079 1118 Aberdonensi
1114 1086 1279 1125 elevatus,
1316 1085 1351 1118 S.
1386 1086 1464 1119 sede
1498 1091 1632 1130 aposto-

275 1142 341 1174 lica
365 1141 521 1186 jubente.
570 1139 683 1173 Extat
713 1139 861 1173 officium
892 1149 947 1173 1x.
978 1142 1177 1180 lectionum,
1211 1146 1246 1175 et
1275 1142 1405 1185 templa
1439 1142 1569 1186 aliquot
1599 1144 1629 1175 ei

276 1198 399 1230 dicata.

322 1252 510 1296 Depositus
540 1261 631 1285 anno
659 1260 900 1285 MCCXXCVH.
932 1253 1057 1286 colitur
1086 1253 1141 1286 die
1172 1261 1288 1286 XXXI.
1320 1252 1454 1287 Martii.
1481 1253 1631 1287 Jacobus

275 1309 491 1353 Cheynaeus.

703 1421 738 1454 S.
765 1420 1067 1454 GUINOTHUS.
1118 1423 1199 1458 570.

276 1534 310 1567 S.
336 1534 575 1567 GUINOTHUS
601 1534 792 1577 episcopus,
818 1533 892 1578 regi
918 1533 1014 1566 Etho
1039 1545 1060 1566 a
1085 1533 1202 1571 sacris,
1228 1533 1327 1577 cujus
1350 1533 1502 1576 perditos
1520 1544 1632 1567 mores

276 1601 354 1623 cum
372 1590 462 1623 ferre
478 1600 548 1622 non
566 1594 692 1632 posset,
711 1590 850 1622 secessit
868 1590 911 1622 ab
928 1590 1017 1628 aula,
1042 1589 1101 1621 sed
1119 1599 1158 1621 eo
1184 1589 1221 1621 in
1246 1599 1379 1621 carcere
1405 1589 1586 1628 exstincto,
1612 1601 1632 1622 a

277 1645 445 1690 Gregorio
462 1657 542 1690 rege
560 1650 751 1684 revocatus,
770 1645 801 1677 ei
819 1645 887 1678 fuit
904 1656 924 1678 a
942 1645 1047 1678 sacris
1065 1644 1349 1677 confessionibus.
1401 1644 1548 1687 Scripsit

420 1700 606 1744 Speculum
623 1700 728 1734 Vitae
745 1701 917 1733 humanae
967 1701 1026 1734 lib.
1046 1709 1071 1733 1.
1118 1700 1257 1733 Laudat
1274 1700 1470 1739 Fordunus,
1489 1700 1548 1733 sed
1565 1711 1633 1734 non

469 1761 575 1790 extat.

325 1812 489 1846 Florebat
512 1823 603 1845 anno
621 1820 881 1845 CCCCI.XXV11.
932 1812 1069 1845 Colitur
1090 1812 1146 1845 die
1172 1820 1273 1844 XVII.
1300 1810 1446 1854 Aprilis.
1473 1811 1631 1845 Breviar.

277 1869 421 1903 Scotica.
475 1868 623 1912 Templa
641 1868 691 1901 illi
708 1869 871 1911 pleraque
889 1869 926 1901 in
943 1868 1059 1901 Scotia
1075 1868 1198 1900 dicata.

726 1979 761 2013 S.
788 1978 1044 2013 GODRICUS.
1095 1981 1176 2015 571.

278 2092 312 2125 S.
332 2091 548 2130 GODRICUS,
575 2094 803 2136 cognomento
828 2089 997 2129 Eremita‚
1024 2095 1159 2133 patrem
1185 2090 1308 2124 habuit
1333 2089 1538 2131 Awillardo,
1563 2102 1633 2125 ma-

279 2153 368 2181 trem
407 2147 671 2180 Radwennam:
708 2146 746 2178 in
785 2146 1013 2179 adolescentia
1054 2154 1284 2179 mercaturam
1318 2147 1482 2186 exercuit,
1516 2152 1634 2190 postea

278 2203 591 2248 peregrinationem
630 2202 674 2235 ad
716 2201 750 2234 S.
785 2200 946 2234 Andreae
983 2202 1146 2245 reliquias
1180 2202 1216 2234 in
1250 2202 1376 2241 Scotia,
1411 2207 1486 2235 tum
1520 2203 1563 2235 ad
1593 2204 1632 2235 li-

279 2260 374 2292 mina
410 2258 504 2292 Petri
541 2263 576 2291 et
614 2257 716 2291 Pauli
751 2258 986 2301 apostolorum
1022 2256 1172 2291 Romam
1204 2258 1364 2301 suscepit.
1425 2257 1550 2291 Postea
1584 2263 1634 2291 to-
