1861 2682
858 292 938 331 xvii

223 400 386 440 Italus.”
444 398 524 436 Hic
538 397 711 449 legimus
727 395 948 435 certissima
963 392 1257 439 emendatione,
1278 397 1298 415 ‘⁶
1314 392 1570 444 Augustinus

222 464 321 502 Afer
349 462 566 500 haberetur
594 458 758 498 Italus.”
817 458 859 496 P.
887 461 977 496 250.
1004 462 1024 479 ‘⁶
1044 457 1079 494 S.
1102 455 1304 507 Eloquius
1331 469 1380 494 ex
1407 454 1569 494 illorum

222 532 283 564 est
303 537 472 563 numero
493 522 564 575 qui
585 522 692 560 inter
717 525 875 559 sanctos
901 520 1056 564 relatus,
1086 517 1370 569 Martyrologii
1396 518 1570 555 Romani

221 600 304 626 non
333 593 390 626 est
417 586 613 638 ascriptus
639 581 822 622 tabulis.”
881 580 1096 634 Ejusmodi
1128 580 1326 618 mendum
1358 594 1439 619 non
1472 580 1571 618 adeo

221 649 468 700 infrequens,
489 661 571 686 non
592 645 724 685 solum
750 645 860 697 apud
884 644 1185 696 Dempsterum,
1215 643 1286 681 sed
1314 643 1435 681 etiam
1463 642 1571 694 apud

221 710 320 751 alios
339 711 563 762 scriptores.
613 707 932 747 Emendavimus
952 712 1100 752 autem,
1121 706 1263 744 “inter
1283 710 1441 744 sanctos
1462 704 1574 744 relati

219 787 356 813 -non
376 780 468 812 sunt
487 772 684 824 ascripti?

275 836 391 874 Tom.
412 835 450 874 ii.
471 849 508 887 p.
530 838 620 873 351.
642 839 661 856 ‘⁶
681 834 716 872 S.
739 833 1003 871 Hermannus
1023 844 1130 869 unus
1151 844 1201 868 ex
1221 830 1268 869 iis
1288 835 1350 868 est
1375 830 1570 882 patribus,

220 898 291 950 qui
314 897 467 949 Pelagii
488 896 727 935 insanientis
747 895 955 934 audaciam
971 908 1018 933 eo
1038 894 1081 932 in
1102 907 1226 945 regno
1247 893 1467 945 repressit.’'
1515 892 1573 930 Si-

219 960 327 999 milis
340 961 490 999 iterum
502 960 736 1010 iterumque
750 971 859 997 error
874 973 882 1002 ;
897 957 967 995 sed
980 956 1283 995 emendavimus
1296 962 1573 1007 represserunt.

223 1023 267 1061 P.
289 1023 377 1061 356.
413 1028 432 1045 ‘⁶
454 1022 620 1074 Scripsit
653 1020 871 1072 Dialogum
902 1019 944 1057 in
979 1018 1262 1057 Controversia
1294 1017 1420 1063 Fidei,
1452 1030 1573 1068 quem

225 1085 301 1123 Th.
323 1086 538 1122 Smetonus
558 1089 740 1135 apostata
761 1082 1014 1134 impugnavit
1039 1086 1179 1120 contra
1204 1078 1457 1119 Catholicam
1483 1093 1575 1117 cau-

222 1160 316 1193 sam,
337 1146 414 1185 alia
434 1146 539 1198 patri
561 1146 686 1197 Tyrio
707 1145 863 1183 edenda
883 1143 1072 1195 reliquit:
1096 1143 1161 1180 An
1177 1142 1404 1194 prodierint
1420 1142 1572 1193 ignorO.

222 1208 289 1246 lib.
308 1212 357 1246 1.”
399 1208 479 1245 Hic
499 1208 635 1245 omnia
650 1207 787 1245 minus
804 1212 911 1245 recte
927 1211 1024 1244 sunt
1044 1204 1247 1256 disposita.
1288 1203 1435 1243 Procul
1449 1204 1573 1241 dubio

221 1270 452 1322 legendum,
472 1269 578 1307 sicut
598 1274 640 1307 et
659 1282 731 1306 nos
750 1268 933 1319 legimus,
954 1267 1156 1319 “Scripsit
1172 1266 1391 1317 Dialogum
1411 1266 1453 1304 in
1470 1266 1575 1304 Con-

222 1332 415 1371 troversia
444 1331 571 1376 Fidei,
603 1343 725 1382 quem
756 1329 832 1368 Th.
863 1330 1078 1367 Smetonus
1108 1334 1290 1380 apostata
1321 1328 1573 1380 impugnavit

223 1400 362 1434 contra
383 1392 634 1432 Catholicam
655 1405 826 1437 causam,
846 1390 914 1429 lib.
934 1391 958 1429 i.
1016 1390 1109 1429 Alia
1129 1390 1241 1429 Patri
1264 1391 1389 1442 Tyrio
1418 1391 1573 1428 edenda

223 1457 412 1509 reliquit3
448 1470 499 1495 an
531 1455 758 1508 prodierint
789 1455 978 1506 ignoro.’'⁴
1023 1453 1066 1492 P.
1097 1453 1188 1492 363.
1225 1459 1245 1475 ‘⁶
1270 1453 1320 1491 In
1345 1452 1575 1491 Ausonium

223 1519 544 1559 Commentarios
564 1519 717 1563 uberes,
742 1522 836 1569 post
857 1516 1066 1562 Vinctum,
1087 1521 1129 1554 et
1149 1514 1407 1567 Scaligerum,
1437 1529 1482 1553 ac
1501 1515 1574 1553 cri-

223 1583 333 1628 ticos,
365 1581 434 1619 lib.
464 1582 487 1619 i.
518 1580 667 1619 dicitur
695 1580 916 1618 emittere.”
975 1579 1075 1621 Quis
1102 1592 1185 1617 non
1211 1578 1332 1624 videt,
1359 1578 1414 1616 sic
1440 1576 1575 1629 legen-

222 1646 351 1683 dum?
409 1650 428 1667 “
456 1644 505 1682 In
539 1643 767 1682 Ausonium
798 1641 1120 1680 Commentarios
1151 1642 1294 1679 uberes
1328 1654 1372 1679 ac
1407 1640 1574 1684 criticos,

222 1713 314 1760 post
353 1707 551 1745 Vinetum
596 1712 637 1744 et
682 1704 939 1756 Scaligerum,
984 1703 1051 1742 lib.
1090 1704 1114 1741 i.
1160 1703 1311 1742 dicitur
1354 1703 1574 1741 emittere.'‘

223 1770 267 1808 P.
290 1773 378 1811 439.
400 1775 420 1792 “
441 1769 497 1807 Et
517 1769 717 1807 incassum
739 1767 879 1806 Ranae
896 1765 1159 1805 Hirlandicae
1174 1766 1279 1804 tanti
1296 1765 1368 1804 viri
1388 1764 1576 1803 laudibus

224 1833 274 1870 ob
294 1846 341 1870 eo
361 1837 484 1870 axant
505 1831 547 1869 in
571 1829 711 1869 libello
738 1829 891 1868 famoso
918 1843 1000 1875 suo,
1028 1827 1108 1875 vili,
1136 1829 1310 1874 indocto,
1337 1829 1387 1866 ab
1411 1827 1576 1866 ecclesia

224 1894 481 1946 proscripto.’'
539 1893 651 1935 Quid
677 1892 750 1931 sibi
777 1891 874 1930 velit
900 1893 943 1930 ob
973 1905 1014 1931 eo
1039 1898 1172 1937 cavant,
1202 1904 1285 1929 non
1312 1890 1354 1928 in
1382 1897 1573 1942 promptu

225 1962 295 1994 est.
353 1956 592 2008 Legendum
626 1961 763 1994 autem
796 1968 948 2000 censeo,
981 1959 1140 1991 “ranae
1175 1952 1439 1991 Hirlandicae
1471 1953 1573 1991 tanti

226 2019 299 2056 viri
320 2018 507 2057 laudibus
527 2017 778 2056 detrahant.”
828 2015 916 2062 Vel,
937 2017 968 2054 si
984 2016 1119 2062 mavis,
1136 2022 1182 2054 tu
1199 2014 1317 2067 legas,
1338 2021 1358 2038 ‘⁶
1380 2016 1431 2053 ob
1447 2029 1493 2054 ea
1509 2015 1576 2053 de-

227 2080 425 2118 trahant.'’
464 2081 568 2119 Sunt
586 2086 723 2118 autem
743 2093 863 2118 ranae
876 2078 1149 2124 Hirlandicae,
1166 2078 1229 2122 tljc
1241 2076 1357 2122 iit-151)
1374 2078 1574 2116 trualxcra.

227 2143 270 2181 P.
292 2147 381 2183 587.
405 2147 425 2164 ‘⁴'
445 2141 638 2181 Novellae
659 2141 982 2180 Constitutiones
1009 2140 1234 2179 Latinitate
1261 2140 1434 2178 donatae
1462 2139 1529 2178 lib.
1553 2140 1574 2176 i.

226 2206 358 2244 Antea
399 2204 671 2243 transtulerat.
743 2204 949 2242 Henricus
988 2202 1191 2255 Agylaeus
1230 2202 1574 2240 Buscouiduensis

226 2267 427 2306 Corradus
463 2266 746 2305 Ritterhusius
776 2266 980 2318 prooemio
1010 2265 1098 2303 Jur.
1129 2265 1376 2304 Justinianei
1408 2278 1490 2316 cap.
1526 2264 1573 2301 iv.

228 2328 437 2369 Plutarchi
459 2329 592 2368 omnia
622 2329 753 2381 Opera
780 2327 846 2367 lib.
869 2329 891 2367 i.
919 2341 1012 2366 cum
1039 2327 1150 2366 MSS.
1177 2326 1353 2366 contulit
1380 2326 1575 2365 Eduardo

884 2390 911 2422 (l
