1861 2682
260 224 322 253 310
642 224 867 256 HISTORIA
891 224 1254 256 ECCLESIASTICA

262 320 422 359 poterant
451 315 578 358 spiritu
607 316 649 348 ad
679 315 840 358 martyrii
865 325 1027 347 coronam
1053 315 1293 349 accendebant.
1350 314 1482 348 Verum
1509 315 1616 349 Guni-

263 372 384 404 baldus
402 376 533 414 captus,
552 375 695 403 cruento
712 374 885 403 mactatur
901 370 1048 414 gladio.”
1099 370 1226 403 Totam
1245 371 1367 403 deinde
1383 372 1507 404 seriem
1530 382 1618 404 mar-

264 427 347 471 tyrii
366 427 400 459 S.
420 426 617 459 Gunifortis
635 426 829 470 subjungit,
847 430 887 458 ut
905 425 1143 458 Mediolanum
1161 427 1305 465 venerit,
1328 431 1369 459 ut
1386 427 1523 471 sagittis
1541 438 1620 460 con-

264 485 352 517 fixus
370 483 486 521 fuerit,
504 487 544 516 ut
568 482 732 516 Ticinum
756 483 875 516 divino
899 483 1035 516 monitu
1057 483 1246 522 devenerit,
1270 488 1310 517 ut
1333 484 1370 516 in
1392 485 1618 527 paupertinae

263 551 350 573 anus
368 539 511 584 tugurio
529 539 765 578 obdormierit,
783 543 823 572 ut
840 550 957 572 sacrae
970 538 1018 571 ibi
1032 538 1198 582 reliquiae
1212 544 1445 573 asserventur.
1482 539 1619 583 Scripta

264 595 471 628 interierunt
489 595 617 634 omnia,
637 594 756 637 siquae
773 595 925 638 reliquit.

309 650 437 684 Passus
455 654 507 684 est
523 650 732 694 martyrium
749 661 841 683 anno
859 659 1059 683 ccccxvn.
1078 655 1118 684 ut
1135 651 1268 694 opinor.

682 761 725 795 B.
753 761 1066 796 GANFREDUS.
1118 765 1199 799 577.

266 876 304 907 B.
340 875 590 908 GANFREDUS
630 874 753 907 Scotus
796 875 1026 908 monasticum
1068 874 1307 908 cisterciensis
1349 875 1480 908 ordinis
1522 876 1618 909 habi-

263 938 338 964 tum
372 930 596 963 Altissiodori
638 931 765 969 induit,
799 931 947 975 diligens
982 931 1078 964 Petri
1112 930 1280 964 Abelardi
1315 931 1464 970 auditor,
1502 936 1542 964 ut
1576 942 1618 964 ex

264 988 408 1030 epistola
433 986 542 1030 ipsius
568 986 683 1025 didici,
711 997 799 1029 quae
824 987 862 1019 in
888 986 1119 1020 Paracletensi
1150 987 1186 1019 in
1216 987 1424 1020 Tricassinis
1455 987 1618 1020 coenobio

262 1044 337 1076 MS.
358 1047 566 1076 asservatur.
619 1042 685 1075 Sed
703 1043 871 1086 magistro
889 1053 952 1076 suo
968 1043 1179 1087 genitalibus
1197 1043 1321 1076 misere
1338 1043 1564 1082 detruncatis,
1583 1049 1617 1077 et

262 1099 418 1132 doctrina
434 1098 543 1141 ipsius
561 1109 582 1131 a
598 1098 772 1141 plerisque
789 1098 964 1137 damnata,
984 1099 1027 1131 ad
1046 1098 1090 1131 D.
1109 1098 1330 1131 Bernardum
1356 1098 1523 1143 confugit,
1549 1100 1613 1133 sub

262 1156 360 1199 cujus
390 1154 609 1187 sanctissima
638 1155 759 1198 regula
784 1165 854 1187 non
879 1155 1098 1187 mediocriter
1123 1159 1158 1188 et
1182 1155 1324 1198 pietatis
1351 1159 1386 1188 et
1411 1155 1616 1188 eruditionis

261 1213 388 1244 famam
421 1211 529 1243 auxit.
594 1210 720 1243 Eidem
752 1215 870 1244 sancto
899 1210 943 1243 ab
976 1210 1143 1253 epistolis,
1179 1210 1252 1244 sive
1285 1211 1455 1244 notarius.
1523 1210 1615 1255 Ejus

261 1272 362 1300 sunt:

406 1323 582 1357 Praefatio
599 1325 636 1357 in
652 1324 711 1357 lib.
733 1332 791 1357 111.
818 1324 860 1357 de
881 1323 966 1357 Vita
988 1324 1023 1357 S.
1042 1323 1225 1362 Bernardi,
1251 1323 1344 1366 apud
1370 1323 1512 1356 Surium
1532 1327 1613 1356 tom.

454 1388 506 1413 1v.
524 1391 601 1424 pag.
619 1389 738 1413 CCLII.
1094 1379 1154 1412 lib.
1175 1388 1200 1411 1.

404 1436 535 1469 Contra
553 1436 698 1469 Petrum
716 1435 931 1469 Abelardum
1093 1435 1152 1467 lib.
1172 1443 1196 1467 Ι.
1248 1434 1381 1467 Contra
1397 1435 1489 1467 hunc
1506 1435 1611 1467 etiam

454 1492 499 1524 D.
525 1492 726 1531 Anselmus,
750 1490 1012 1524 Cantuariensis
1033 1490 1321 1533 archiepiscopus,
1349 1489 1529 1532 epistolam
1547 1491 1615 1523 edi-

455 1547 517 1586 dit,
537 1553 572 1580 et
590 1548 752 1580 volumen
770 1548 908 1590 scripsit
925 1547 969 1579 ad
990 1545 1233 1579 Innocentium
1252 1545 1300 1578 ΙΙ.
1327 1544 1370 1578 D.
1389 1544 1590 1578 Bernardus
1606 1556 1614 1578 z

453 1613 584 1636 errores
616 1604 771 1647 singulos
800 1604 837 1635 in
866 1602 986 1635 tabula
1014 1603 1156 1635 collocat
1186 1601 1312 1635 Petrus
1342 1602 1384 1635 de
1416 1602 1612 1646 Pargamo3

454 1659 594 1691 tandem
612 1659 776 1692 damnata
798 1659 872 1702 ejus
895 1658 1046 1692 haeresis
1070 1669 1161 1691 anno
1188 1666 1391 1691 MCXXXIV.
1419 1661 1453 1690 et
1478 1658 1615 1702 impug-

452 1720 513 1748 nat
538 1714 667 1758 ubique
696 1714 742 1747 D.
773 1714 928 1747 Thomas
958 1714 1128 1757 Aquinas,
1160 1713 1350 1746 Sebastian.
1389 1712 1541 1745 Medices
1578 1714 1612 1745 in

454 1770 597 1803 Summa
625 1771 819 1804 Haeresum
845 1781 924 1815 pag.
949 1778 1141 1802 DLXXXII.
1193 1768 1299 1802 Hunc
1328 1777 1444 1801 tamen
1468 1767 1613 1801 Abelar-

453 1826 548 1865 dum,
567 1827 729 1860 omnibus
747 1826 908 1870 operibus
926 1836 1038 1868 nuper
1056 1825 1218 1858 Lutetiae
1242 1824 1439 1867 publicatis,
1466 1823 1509 1856 ab
1535 1824 1613 1857 hae-

450 1884 536 1915 resis
570 1883 765 1926 suspicione
804 1882 958 1915 vindicat
996 1881 1121 1914 Petrus
1158 1880 1378 1918 Ambrosius,
1415 1879 1610 1913 libellorum

454 1939 651 1982 supplicum
670 1938 837 1982 magister
851 1948 860 1977 3
888 1937 1015 1970 viderit
1032 1946 1101 1979 qua
1118 1936 1194 1969 fide.

404 1994 446 2026 In
464 1994 701 2037 Apocalypsin
717 1992 740 2025 J
743 1993 864 2026 oannis
1169 1992 1228 2024 lib.
1249 2000 1273 2024 Ι.

402 2048 643 2093 Epistolarum
660 2049 704 2081 ad
721 2049 875 2081 diversos
1166 2048 1225 2081 lib.
1246 2057 1270 2080 1.
1317 2058 1465 2090 quarum
1509 2058 1612 2090 quae-

453 2105 544 2143 dam,
562 2113 604 2138 ut
620 2104 705 2144 dixi,
724 2102 826 2137 MSS.
844 2104 892 2137 ibi
910 2109 1041 2143 extant,
1067 2109 1101 2138 et
1125 2104 1217 2147 apud
1241 2103 1391 2136 Paulum
1415 2103 1611 2141 Petavium,

451 2165 486 2194 et
502 2161 622 2193 laudat
638 2159 818 2194 Arnoldus
835 2159 954 2193 Uvion
971 2160 1027 2193 lib.
1047 2168 1071 2192 Ι.
1090 2160 1168 2205 Lig.
1186 2159 1291 2193 Vitae
1307 2170 1387 2204 pag.
1407 2167 1550 2191 LXXIX.

308 2217 445 2251 Floruit
462 2227 552 2251 anno
571 2224 696 2250 MCLX.
