1861 2682
313 221 374 250 258
686 218 910 250 HISTORIA
935 217 1299 248 ECCLESIASTICA

314 312 412 349 nico,
442 322 483 343 ex
505 321 574 353 quo
599 314 742 352 apparet
769 309 1017 341 monasterium
1040 307 1074 340 S.
1102 307 1194 339 Galli
1219 307 1322 345 Scoti,
1349 311 1389 339 ut
1411 317 1431 338 a
1454 307 1665 339 nostratibus

314 367 510 404 fundatum,
541 366 590 398 ita
619 375 753 407 semper
776 369 947 396 nostrates
973 374 1101 407 magna
1126 363 1325 406 dignatione
1351 361 1522 400 habuisse,
1549 363 1667 404 quales

314 427 395 454 sunt
414 422 481 454 viri
499 421 717 458 sanctissimi,
735 420 858 462 hospes
877 418 911 451 S.
931 418 1071 450 Marcus
1096 418 1285 460 episcopus,
1310 417 1344 450 S.
1364 417 1549 449 Marcellus
1573 416 1668 449 scho-

314 478 440 514 larcha,
459 476 493 509 S.
514 477 688 519 Rapertus
707 475 831 508 nobilis
850 475 979 511 doctor,
1002 474 1037 506 in
1055 474 1120 506 hoc
1138 483 1262 516 opere:
1290 479 1325 507 et
1342 474 1398 506 hic
1415 473 1554 516 quidem
1573 471 1669 504 Eail-

314 535 414 565 lanus
443 533 688 565 monachorum
715 532 834 563 doctor
861 530 1022 568 videtur3
1059 530 1107 562 sic
1131 529 1223 562 enim
1247 534 1341 563 aetas
1364 530 1424 562 illa
1448 528 1664 571 loquebatur,

314 595 351 621 ut
371 589 406 621 in
427 588 709 620 Muricherodato
726 590 881 629 apparet.
933 584 1079 628 Scripsit

458 643 618 685 Hymnus
637 653 750 674 sacros
1225 641 1284 673 lib.
1305 650 1330 673 1.

460 699 626 730 Lecturas
644 698 758 730 varias
776 697 819 729 ad
838 696 978 730 Fratres
1227 696 1286 729 lib.
1306 705 1331 728 Ι.

457 754 557 787 Vitas
576 753 780 786 Sanctorum
1228 753 1286 785 lib.
1307 761 1330 784 Ι.

360 810 458 843 Obiit
477 820 567 842 anno
586 817 794 842 DCCCCXCI.
847 808 1023 842 Contract.

757 920 791 953 S.
818 919 1084 953 EUGENIUS.
1136 918 1216 956 476.

312 1035 346 1067 S.
367 1034 580 1067 EUGENIUS
598 1034 732 1072 Scotus,
751 1034 861 1066 socius
880 1032 914 1065 S.
935 1032 1110 1065 Mansueti
1129 1032 1232 1070 Scoti‚
1248 1037 1281 1065 et
1300 1042 1379 1064 cum
1398 1031 1515 1064 eodem
1536 1031 1665 1064 Romae

312 1091 345 1124 S.
374 1091 468 1123 Petri
499 1091 733 1132 apostolorum
758 1089 924 1131 principis
951 1089 1151 1131 discipulus,
1175 1088 1332 1121 sacerdos
1356 1092 1501 1126 creatus,
1527 1088 1563 1119 in
1587 1087 1667 1120 Gal-

311 1148 391 1179 liam
415 1158 493 1178 cum
519 1151 637 1178 sancta
662 1146 721 1177 illa
744 1145 883 1177 cohorte
906 1145 1106 1188 ablegatus3
1133 1144 1193 1176 sed
1219 1155 1297 1176 cum
1322 1144 1379 1176 ille
1407 1143 1502 1175 Tulli
1521 1154 1667 1186 evange-

310 1204 395 1235 lium
414 1202 664 1240 disseminaret,
684 1212 745 1233 nec
763 1201 878 1243 plures
896 1201 926 1232 ei
944 1201 1038 1242 operi
1055 1200 1237 1232 necessarii
1256 1200 1468 1236 viderentur,
1483 1198 1664 1243 Eugenius

311 1259 429 1290 sitiens
448 1258 568 1290 salutis
587 1258 779 1289 animarum
800 1257 835 1288 in
856 1255 1043 1297 Hispanias
1062 1255 1246 1298 profectus,
1264 1255 1397 1297 primus
1416 1255 1453 1286 in
1476 1254 1665 1296 Hispanias

313 1325 432 1346 verum
464 1313 529 1345 Dei
556 1314 686 1345 cultum
713 1312 900 1354 apostolica
923 1311 1150 1343 sanctimonia
1172 1311 1302 1347 intulit,
1325 1311 1526 1353 primusque
1550 1310 1664 1343 Toleti

311 1370 488 1411 episcopus
525 1369 694 1412 sanguine
728 1378 790 1400 suo
824 1367 1005 1399 veritatem
1041 1367 1204 1411 signavit.
1268 1366 1341 1399 Nos
1377 1366 1480 1408 primi
1516 1366 1665 1408 patriam

312 1426 478 1462 eruimus,
503 1435 609 1467 quare
628 1423 761 1456 Scotiae
789 1422 960 1464 Hispania
984 1422 1089 1455 fuerit
1114 1422 1288 1460 obstricta,
1316 1421 1431 1454 Scotia
1448 1421 1556 1459 mihi;
1584 1432 1665 1454 nam

313 1480 395 1512 Vita
421 1480 455 1512 S.
484 1480 662 1512 Mansueti
695 1479 913 1511 Tullensium
940 1478 1085 1520 apostoli
1113 1479 1239 1510 diserte
1265 1477 1466 1521 Eugenium
1494 1477 1664 1519 quendam

311 1538 354 1569 ab
372 1549 410 1569 eo
428 1538 464 1569 in
486 1537 674 1580 Hispanias
692 1535 883 1578 profectum
903 1538 1031 1572 narrat,
1049 1538 1125 1566 orta
1149 1534 1240 1565 inter
1263 1533 1339 1565 illos
1365 1533 1406 1565 de
1432 1533 1533 1565 rebus
1560 1533 1664 1565 sacris

312 1594 378 1625 levi
406 1593 649 1630 controversia,
678 1592 769 1635 quod
795 1592 836 1624 de
861 1590 920 1623 SS.
949 1591 1058 1623 Paulo
1082 1594 1115 1621 et
1140 1588 1302 1622 Barnaba
1324 1600 1496 1621 nonnemo
1522 1589 1664 1621 retulit:

313 1649 368 1681 hic
387 1660 468 1681 vero
488 1649 574 1681 alius
594 1649 636 1681 ab
653 1649 720 1680 isto
738 1658 811 1680 esse
834 1658 903 1679 non
926 1651 1050 1689 potest.
1102 1645 1257 1677 Multum
1280 1655 1316 1677 se
1340 1644 1502 1677 Mariana
1525 1649 1662 1686 torquet

311 1716 414 1747 super
441 1705 515 1748 ejus
542 1705 654 1746 patria
680 1704 767 1736 libro
794 1712 848 1735 XI.
877 1702 970 1735 Hist.
1000 1701 1099 1744 Hisp.
1128 1711 1200 1743 cap.
1229 1709 1314 1732 XIX.
1340 1700 1400 1743 qui
1426 1699 1513 1732 falso
1539 1710 1617 1737 eum
1643 1711 1664 1732 a

311 1760 345 1792 S.
377 1760 546 1803 Dionysio
576 1770 791 1796 conversum,
823 1769 865 1791 ex
895 1758 1080 1790 traditione
1110 1757 1333 1794 existimavit,
1361 1766 1439 1787 cum
1466 1755 1577 1788 adhuc
1607 1756 1664 1788 ille

312 1816 441 1849 Gallias
468 1827 536 1848 non
560 1817 735 1859 attigerat,
759 1820 799 1847 ut
826 1814 998 1846 Baronius
1023 1812 1278 1845 illustrissimus
1304 1811 1465 1849 ostendit,
1491 1816 1526 1843 et
1551 1810 1662 1843 fusius

312 1873 484 1905 maximus
515 1871 669 1904 Savaron
697 1871 820 1914 probat
849 1881 928 1902 eum
958 1879 1027 1901 non
1052 1869 1118 1900 nisi
1145 1868 1187 1899 ad
1213 1867 1439 1899 centesimum
1472 1877 1601 1899 annum
1627 1868 1664 1899 in

311 1928 440 1961 Gallias
471 1928 667 1970 appulisse:
693 1927 778 1959 illud
808 1937 889 1958 vero
919 1924 1075 1957 mirabile
1104 1924 1201 1962 duco,
1233 1923 1325 1965 quod
1353 1923 1386 1955 S.
1418 1922 1571 1966 Eugenii
1602 1933 1662 1955 nec

311 1983 499 2027 Gregorius
529 1983 752 2020 Turonensis,
785 1992 846 2014 nec
876 1980 1074 2024 Sigebertus
1098 1978 1364 2017 Gemblacensis,
1402 1989 1463 2010 nec
1493 1978 1662 2021 Sulpitius

311 2039 467 2076 Severus,
482 2050 543 2071 nec
557 2040 646 2071 ullus
659 2038 798 2070 omnino
810 2041 965 2069 veterum
979 2036 1241 2079 hagiologorum
1254 2033 1432 2066 Gallorum
1444 2035 1639 2067 meminerit
1652 2045 1660 2069 2

311 2106 412 2139 quem
431 2095 529 2127 facile
547 2105 615 2126 non
633 2093 901 2136 praeteriissent,
920 2092 948 2124 si
967 2095 1085 2124 tantus
1103 2091 1158 2122 vir
1175 2090 1211 2122 iu
1230 2089 1351 2122 Galliis
1370 2100 1553 2122 conversus
1580 2090 1662 2122 fuis-

312 2156 374 2189 set,
393 2156 455 2184 aut
474 2150 616 2182 Parisiis
637 2159 768 2191 passus.
821 2147 966 2190 Scripsit

456 2206 620 2239 Carmina
637 2205 733 2237 varia
759 2204 817 2236 lib.
838 2212 862 2236 1.
886 2215 973 2246 quae
991 2203 1109 2235 laudat
1127 2202 1276 2235 Michael
1300 2202 1446 2234 Ruizius
1474 2201 1660 2245 Assagrius

503 2261 653 2294 Celtiber
670 2261 712 2293 ad
731 2260 920 2303 Corippum
939 2260 996 2293 lib.
1018 2268 1043 2292 1.
1061 2269 1155 2291 num.
1176 2267 1217 2290 11.
