1861 2682
248 279 288 310 90
619 277 842 309 HISTORIA
866 276 1226 309 ECCLESIASTICA

392 369 444 402 De
463 369 628 402 Paradiso
647 368 832 408 Terrestri,
851 368 894 400 ad
912 367 1138 400 Brendanum
1155 367 1373 410 discipulum,
1390 366 1449 399 lib.
1470 375 1494 399 1.

294 425 393 459 Vixit
408 436 498 458 anno
513 433 575 458 Dc.
592 429 653 458 aut
667 424 812 458 circiter.
847 423 1012 457 Meminit
1025 421 1151 456 Petrus
1168 421 1355 466 Equilinus
1368 421 1427 456 lib.
1443 430 1477 454 v.
1497 422 1599 456 Cata-

247 482 316 526 logi
335 492 407 524 cap.
427 489 553 514 CXVII.

719 647 753 680 S.
780 646 988 680 BEATUS.
1042 648 1121 683 159.

247 762 281 794 S.
300 761 474 799 BEATUS,
492 760 647 798 eremita,
665 758 849 798 confessor,
871 759 1047 801 apostolus
1071 757 1324 799 Helvetiorum,
1346 759 1464 793 Sancti
1491 759 1599 797 Petri,

247 818 480 860 apostolorum
498 816 676 859 principis,
699 815 900 858 discipulus,
925 825 1002 847 cum
1026 815 1063 848 in
1080 813 1195 848 Scotia
1212 813 1247 848 S.
1265 814 1444 849 Barnabas
1467 816 1601 848 concio-

244 876 395 911 naretur,
416 872 609 905 adolescens
624 876 709 910 erat,
723 875 757 904 et
771 871 959 904 vocabatur
973 870 1170 909 Suetonius,
1184 869 1273 904 forte
1286 870 1470 911 Setonius;
1489 877 1523 904 et
1537 871 1602 904 hoc

244 929 457 971 praeclarum
483 928 704 971 antiquitatis
729 932 994 960 monumentum
1023 926 1229 960 nobilissimi
1260 931 1294 960 et
1323 928 1602 960 excellentissimi

244 984 436 1017 stemmatis
454 983 685 1022 Setoniorum‚
704 983 802 1027 cujus
820 986 924 1025 caput
940 982 1041 1015 hodie
1059 982 1201 1015 comites
1213 981 1415 1016 WVintoniae
1430 989 1464 1016 et
1478 982 1602 1027 Eglin-

244 1040 368 1078 toniae,
392 1039 527 1078 fratres,
551 1050 698 1083 quorum
722 1043 869 1081 patruus
891 1037 1090 1071 Alexander
1107 1048 1218 1071 comes
1242 1037 1511 1077 Dunfermelini,
1535 1046 1601 1070 XL.

244 1096 343 1129 annis
366 1095 500 1128 Scotiae
525 1095 758 1133 cancellarius,
777 1093 988 1138 jampridem
1013 1093 1169 1126 excessit.
1220 1092 1287 1126 Sed
1311 1093 1355 1126 ad
1378 1093 1528 1126 Beatum
1552 1105 1603 1126 re-

244 1152 316 1189 deo,
335 1152 395 1194 qui
413 1151 609 1194 baptizatus
626 1161 646 1183 a
663 1149 789 1183 Sancto
807 1148 979 1188 Barnaba,
1003 1147 1078 1181 Deo
1101 1148 1294 1182 serviturus
1318 1144 1465 1182 Romam
1490 1150 1601 1192 petiit,

242 1212 276 1240 et
289 1218 309 1240 a
322 1206 448 1239 Sancto
462 1206 567 1239 Petro
580 1206 623 1238 ad
639 1205 819 1238 Helvetios
832 1205 1036 1243 destinatus,
1054 1208 1132 1247 post
1149 1204 1282 1247 aliquot
1298 1215 1407 1237 annos
1425 1203 1601 1237 fructuose

242 1264 433 1301 collocatos,
460 1262 503 1295 ad
528 1272 681 1294 eremum
707 1271 743 1293 se
768 1260 927 1303 contulit,
954 1260 1136 1293 draconem
1162 1259 1296 1293 occidit.
1349 1259 1446 1293 Haec
1463 1270 1506 1293 ex
1525 1260 1600 1304 ejus

242 1318 335 1357 Vita,
354 1329 458 1362 quam
476 1317 601 1350 Daniel
619 1316 787 1361 Agricola
803 1315 959 1349 Basileae
977 1315 1085 1348 edidit
1102 1325 1193 1347 anno
1214 1323 1334 1348 MDX1.
1353 1315 1503 1349 Frustra
1516 1315 1601 1348 Per-

242 1375 359 1408 sonius
379 1384 458 1407 eum
475 1372 631 1417 Anglum
649 1371 744 1410 facit,
763 1381 841 1404 cum
859 1376 893 1404 et
909 1370 994 1404 Vita
1010 1371 1086 1415 ejus
1103 1375 1137 1404 et
1155 1369 1328 1415 Georgius
1347 1371 1526 1404 Garnefelt
1550 1372 1602 1404 ‹li-

243 1435 332 1463 serte
350 1429 485 1462 Scotiae
502 1432 658 1461 asserant
674 1427 734 1461 lib.
750 1436 802 1460 IV.
821 1427 862 1459 de
876 1426 960 1460 Vita
973 1425 1211 1459 Eremitarum
1226 1437 1299 1469 cap.
1315 1435 1340 1459 1.
1390 1426 1447 1459 Ad
1466 1427 1529 1459 hos
1547 1438 1601 1459 ac-

243 1485 333 1518 cedit
352 1485 482 1517 Beatus
501 1483 692 1516 Rhenanus
709 1483 769 1516 lib.
789 1492 847 1516 111.
866 1482 998 1515 Rerum
1017 1481 1252 1514 Germanicar.
1277 1481 1445 1515 Stumfius
1471 1482 1600 1516 Chron-

244 1541 436 1574 Helvetior.
455 1539 514 1572 lib.
534 1547 603 1571 VII.
622 1550 695 1583 cap.
714 1548 817 1572 XXII.
837 1539 916 1572 Gul.
932 1537 1131 1582 Eisengrin.
1145 1548 1219 1580 par.
1235 1546 1271 1570 V.
1285 1537 1439 1571 distinct.
1456 1546 1497 1570 11.
1512 1545 1600 1571 cent.

245 1605 285 1629 11.
304 1601 337 1629 et
355 1600 491 1638 praeter
510 1595 572 1627 hos
591 1595 695 1627 etiam
712 1595 904 1627 haereticus
922 1593 1113 1626 Pantaleon
1131 1593 1172 1625 de
1189 1592 1286 1627 Viris
1304 1593 1511 1627 Germaniae
1526 1605 1598 1637 par.

245 1661 302 1685 111.
328 1656 362 1685 et
384 1650 493 1684 Scotis
517 1649 612 1682 favet
637 1649 763 1694 Georg.
789 1649 956 1682 WVicelius
981 1649 1040 1682 lib.
1059 1657 1097 1682 V.
1124 1660 1197 1692 cap.
1218 1658 1396 1682 XXXVHI.
1425 1649 1493 1682 Hic
1520 1661 1602 1683 vero

243 1709 346 1741 etiam
381 1706 526 1749 primus,
562 1710 622 1738 aut
656 1706 747 1738 inter
776 1706 917 1748 primos,
952 1706 1136 1739 occidentis
1166 1705 1353 1738 monachus
1383 1710 1417 1738 et
1447 1707 1600 1743 eremita,

244 1764 335 1808 quod
353 1762 516 1795 haeretici
533 1761 742 1800 testimonio,
760 1760 901 1805 Aegidii
920 1760 1062 1800 Tscudi,
1080 1761 1200 1804 liquet,
1218 1765 1252 1794 et
1270 1760 1495 1794 Carthusiani
1519 1762 1602 1804 piis-

244 1819 322 1853 simi
337 1818 404 1851 viri
418 1817 624 1851 auctoritate
637 1816 816 1860 probatur,
830 1817 958 1850 scilicet
971 1817 1103 1850 laudati
1116 1815 1296 1850 Garnefelt
1304 1821 1387 1861 pag.
1403 1825 1599 1850 CLXXXIV.

246 1877 286 1909 de
304 1886 373 1919 quo
390 1874 438 1907 sic
455 1874 569 1906 canit:

537 1942 595 1970 Hic
609 1952 674 1971 vera
689 1941 833 1970 Helvetiis
846 1941 968 1970 ostendit
982 1942 1107 1973 numina,
1123 1941 1202 1969 Petri

580 1988 690 2016 Unctus
703 1994 763 2016 erat
778 1987 886 2020 dextra,
902 1987 1045 2014 Barnabae
1058 1987 1188 2015 alumnus
1202 1994 1272 2020 erat,

536 2035 656 2063 Nomine
670 2043 755 2071 reque
769 2033 882 2065 Beatus,
898 2042 992 2061 amans
1006 2032 1124 2066 deserta,
1138 2033 1251 2061 beatum

576 2080 681 2112 Solum,
695 2079 744 2116 qui
759 2078 834 2106 solus
847 2078 941 2106 vivere
954 2088 1013 2106 esse
1028 2085 1114 2107 ratus.

294 2155 391 2187 Obiit
416 2164 506 2187 anno
531 2153 652 2186 salutis
678 2159 775 2183 CXII.
801 2151 924 2183 aetatis
948 2159 1011 2184 xc.
1039 2150 1174 2184 Colitur
1193 2159 1247 2184 lx.
1267 2150 1366 2185 Maii.
1391 2151 1600 2195 Martyrolo-

246 2211 343 2256 gium
361 2210 570 2247 Romanum,
594 2207 766 2246 canisius,
790 2206 963 2240 Molanus.
988 2206 1095 2239 Errat
1120 2206 1160 2239 P.
1186 2206 1415 2250 Cratepolius,
1437 2208 1497 2251 qui
1520 2218 1599 2251 pag.

248 2275 334 2299 xxi.
353 2266 394 2299 de
408 2264 542 2298 Sanctis
558 2263 733 2297 Germani.
748 2263 798 2296 ait
811 2263 906 2295 illum
924 2274 944 2295 a
957 2262 991 2295 S.
1007 2262 1112 2296 Petro
1129 2262 1262 2296 Romae
1278 2262 1504 2307 baptizatum,
1523 2273 1601 2296 cum

248 2326 414 2362 auctores,
433 2332 519 2365 quos
536 2320 725 2359 nominavi,
745 2319 781 2352 id
799 2319 835 2352 in
853 2318 967 2352 Scotia
985 2323 1098 2353 actum
1117 2319 1275 2362 prodant.
