1861 2682
589 250 761 282 GENTIS
786 247 1056 284 SCOTORUM,
1083 246 1169 277 LIB.
1195 247 1251 277 IV.
1539 248 1600 276 909

241 345 265 378 ti
271 346 299 377 .''
342 344 437 376 Idem
452 342 475 374 J
477 353 603 375 oannes
619 340 819 375 Gualterius
834 340 869 372 in
883 339 1055 371 Chronico
1069 337 1332 374 Chronicorum.
1376 337 1596 370 Huntindou.

241 401 299 433 lib.
317 409 374 432 111.
391 410 468 442 pag.
485 407 589 430 CXCI.
611 403 630 416 ‘⁶
642 398 801 435 Quatuor
815 395 962 438 episcopi
982 394 1162 426 Scotorum
1181 393 1308 431 Duina,
1328 393 1498 431 Aidanus,
1516 393 1598 425 Fin-

241 467 362 492 nanus,
387 454 609 492 Colmanuus,
638 454 744 485 mirae
762 451 955 484 sanctitatis
972 450 1114 482 fuerunt
1131 453 1166 481 et
1183 449 1444 491 parsimoniae.”
1472 448 1595 481 Arnol.

240 510 357 542 Uvion
375 509 432 541 lib.
455 518 494 541 11.
516 508 593 552 Lig.
614 508 716 541 Vitae
734 519 806 550 cap.
826 515 936 539 val.
971 505 1161 547 Apostolus
1176 504 1398 544 Merciorum,
1415 508 1450 537 et
1463 505 1597 547 primus
1614 515 1618 519 ’

238 565 418 607 episcopus
432 564 693 596 Lichfeldensis.
732 563 884 595 Florent.
899 561 1034 605 lVigor.
1050 560 1238 593 monachus
1252 560 1295 592 ad
1309 571 1439 592 annum
1455 569 1595 593 DCL111.

243 625 261 638 ‘⁶
282 620 441 652 Finnano
459 619 599 651 comites
620 628 670 651 IV.
690 618 842 656 fuerunt,
861 617 971 655 Cetta,
991 616 1103 654 Adda,
1122 616 1237 654 Betta,
1256 624 1288 648 et
1303 615 1432 655 Duina,
1453 627 1539 659 quos
1556 628 1596 649 ex

239 675 354 707 Scotia
371 685 485 707 secum
505 674 719 712 adduxerat3
745 684 806 716 per
823 684 879 706 eos
898 672 1019 704 Mei-cii
1042 671 1143 704 fidem
1169 671 1300 704 Christi
1325 677 1357 704 et
1383 677 1597 704 sacramenta

238 729 498 772 perceperunt.’'
534 728 583 761 Et
601 730 643 761 ad
662 740 791 761 annum
810 736 928 761 Dch.
949 732 968 746 “
987 726 1058 759 Sub
1076 726 1196 759 Oswio
1213 727 1348 769 primus
1367 727 1403 759 in
1421 727 1600 769 provincia

239 784 449 817 Merciorum
477 789 511 817 et
537 784 837 817 Lindisfarnorum
866 783 993 821 Duina,
1025 783 1125 826 cujus
1157 793 1262 824 supra
1290 783 1521 821 meminimus,
1549 794 1597 815 se-

239 841 371 872 cundus
390 840 570 872 Cellachus
589 840 630 872 de
648 844 750 883 gente
769 839 982 872 Scotorum.”
1021 838 1221 870 Matthaeus
1236 837 1485 871 WVestmonast.
1506 849 1597 871 anno

239 904 372 928 DCLVI.
393 900 412 913 ‘·‘
428 895 585 928 Primum
604 895 726 927 habuit
744 895 941 937 episcopum
959 895 995 926 in
1013 894 1193 936 provincia
1211 893 1435 931 Mei-ciorum,
1461 898 1495 926 et
1512 894 1600 926 Lin-

238 951 484 990 disfarnorum,
504 956 538 984 et
556 951 886 983 mediterraneorum
900 949 1098 994 Anglorum
1117 949 1256 980 nomine
1270 948 1415 981 Dinam:
1434 949 1490 981 hic
1503 951 1595 992 apud

239 1007 507 1039 mediterraneos
534 1006 668 1050 Anglos
693 1005 875 1038 defunctus
899 1016 938 1038 ac
961 1006 1116 1047 sepultus
1143 1008 1216 1043 est;
1245 1005 1415 1036 secundus
1442 1005 1597 1048 ejusdem

238 1063 436 1104 provinciae
460 1062 662 1094 Ceollachus
686 1061 765 1099 fuit,
791 1062 850 1104 qui
873 1061 992 1093 relicto
1015 1060 1231 1103 episcopatus
1254 1059 1363 1092 officio
1384 1060 1428 1092 ad
1447 1059 1597 1092 Scotiam

238 1118 373 1150 rediit.’'
406 1117 564 1150 Praefuit
582 1118 741 1150 ecclesiae
760 1127 841 1149 suae
855 1121 1003 1154 tantum,
1018 1127 1057 1148 ac
1071 1115 1272 1159 Feppingae
1286 1115 1442 1148 excessit.
1474 1115 1597 1148 Franc.

238 1172 398 1206 Godwin.
418 1183 495 1216 pag.
514 1181 706 1205 cccnxnr.
726 1183 769 1204 ex
787 1172 884 1204 Beda
900 1172 958 1205 lib.
980 1180 1038 1204 111.
1057 1181 1130 1213 cap.
1150 1179 1236 1202 xlx.
1288 1170 1378 1215 Ejus
1396 1175 1478 1203 sunt
1496 1180 1504 1203 z

383 1227 522 1260 Laudes
541 1227 651 1259 Oswii
672 1227 779 1270 Regis
1159 1227 1219 1258 lib.
1240 1235 1263 1258 Ι.

384 1282 615 1315 Monitorium
634 1282 677 1314 ad
696 1281 850 1314 Gentiles
1159 1282 1218 1314 lib.
1238 1291 1263 1314 Ι.

288 1338 452 1371 Florebat
470 1348 560 1370 anuo
579 1345 720 1370 DCLHI.
740 1341 801 1370 aut
818 1337 964 1370 circiter.
1016 1336 1100 1369 Dies
1118 1347 1213 1369 sacer
1230 1338 1260 1370 ei
1280 1346 1382 1370 XXII.
1402 1338 1504 1370 Febr.
1543 1337 1600 1369 In-

239 1395 355 1438 jurius
372 1394 471 1427 nobis
490 1393 692 1426 Parsonius.

698 1504 732 1537 S.
762 1504 1014 1537 DAGAMUS.
1067 1506 1147 1537 382.

239 1618 273 1650 S.
304 1617 507 1650 DAGAMUS
540 1617 594 1648 vel
620 1615 799 1659 Daganus,
828 1615 976 1657 epistota
1002 1614 1062 1646 SS.
1088 1614 1194 1652 Justi,
1226 1614 1420 1653 Laurentii,
1453 1621 1486 1648 et
1513 1615 1598 1648 Mel-

238 1674 303 1711 liti,
338 1674 430 1716 apud
466 1672 659 1704 Henricum
694 1671 1022 1703 Huntindonensem
1063 1670 1122 1703 lib.
1160 1679 1218 1702 111.
1263 1681 1343 1714 pag.
1380 1680 1596 1704 CLXXXVII.

238 1728 440 1771 Episcopali
474 1728 644 1771 dignitate
682 1737 808 1770 magna
850 1726 1055 1758 claritudine
1089 1731 1123 1758 et
1157 1727 1363 1759 auctoritate
1398 1728 1486 1759 ritus
1523 1727 1599 1760 Bri-

238 1789 360 1817 tonum
391 1788 511 1816 contra
537 1782 672 1826 Anglos
703 1782 881 1820 sustinuit,
912 1782 1019 1814 donec
1048 1781 1252 1825 Augustino
1282 1786 1316 1814 et
1347 1782 1482 1815 Mellito
1513 1795 1532 1815 a
1562 1783 1596 1815 S.

239 1840 317 1872 sede
342 1839 528 1881 apostolica
556 1839 670 1870 missis
701 1838 814 1876 cessit,
847 1848 885 1870 ac
914 1842 990 1870 tum
1019 1838 1140 1870 relicta
1168 1838 1276 1870 veteri
1302 1838 1495 1870 celebrandi
1521 1850 1598 1881 pas-

238 1895 348 1927 chatis
377 1895 634 1932 consuetudine,
666 1904 771 1936 quam
801 1893 973 1926 mordicus
1001 1898 1103 1926 antea
1132 1892 1342 1931 defenderat,
1370 1904 1500 1926 morem
1528 1894 1597 1927 Ro-

239 1961 381 1982 manum
399 1950 548 1982 admisit.
586 1950 682 1982 Beda
708 1950 766 1982 lib.
796 1958 836 1981 ΙΙ.
865 1948 959 1981 Hist.
987 1948 1187 1981 Ecclesiast.
1216 1947 1317 1981 Gent.
1345 1948 1493 1993 Anglor.
1522 1962 1593 1994 cap.

241 2014 291 2037 lv.
343 2004 413 2037 Ubi
438 2005 503 2037 loci
528 2006 717 2048 episcopus,
744 2010 806 2038 aut
831 2005 930 2048 cujus
957 2005 1126 2043 ecclesiae,
1155 2004 1260 2043 Beda,
1294 2005 1353 2048 qui
1380 2006 1473 2038 solus
1503 2008 1595 2049 quod

239 2061 345 2094 sciam
373 2061 447 2104 ejus
475 2061 642 2099 meminit,
671 2072 740 2093 non
765 2060 944 2103 expressit,
971 2061 1023 2093 uti
1049 2071 1110 2093 nec
1135 2060 1236 2093 Joan.
1264 2060 1428 2094 Leslaeus
1455 2062 1512 2095 lib.
1542 2072 1593 2095 IV.

239 2128 318 2160 pag.
338 2124 450 2148 CLIII.
501 2115 648 2158 Scripsit

384 2171 443 2203 Ad
461 2171 689 2204 Britanorum
707 2170 899 2204 Ecclesiam
1202 2172 1262 2205 lib.
1283 2182 1307 2206 1.

285 2227 408 2259 Clarus
426 2227 618 2260 habebatur
635 2238 725 2260 anno
743 2228 844 2259 salut.
866 2235 956 2260 DLV.
976 2229 1031 2261 vel
1047 2233 1088 2261 ut
1106 2229 1221 2261 verius
1236 2229 1294 2261 alii
1309 2240 1400 2263 anno
1414 2238 1523 2262 Delx.
1538 2230 1592 2262 die

240 2291 342 2316 xxn.
362 2282 495 2315 Martii.
