1861 2682
598 249 769 280 GENTIS
793 249 1063 286 SCOTORUM,
1088 251 1174 282 LIB.
1197 252 1258 282 III.
1539 256 1600 285 163

296 339 430 373 Floruit
448 351 538 373 anno
558 349 723 374 DCvai.
766 341 868 375 Joan.
891 341 1052 376 Leslaeus
1071 343 1129 376 lib.
1152 353 1203 376 lv,
1222 355 1300 388 pag.
1321 353 1429 377 CLIX.

703 453 736 485 S.
765 453 1016 487 COMINIUS.
1068 454 1147 490 276.

240 562 274 592 S.
307 561 510 596 C0311N1US
541 565 732 608 discipulus
761 566 795 598 S.
827 566 1033 599 Columbani
1064 575 1277 602 memoratur
1307 580 1326 602 a
1355 569 1379 601 J
1381 581 1447 602 ona
1476 571 1598 605 abbate

240 616 341 650 Scoto
364 618 399 650 in
418 618 501 652 Vita
526 620 680 664 ejusdem
708 623 817 655 sancti
843 633 916 665 cap.
937 631 1024 655 XIII,
1053 627 1074 641 ‘⁶
1092 623 1252 662 Quatuor
1276 626 1406 670 insigni
1432 627 1598 672 religione

240 673 332 706 viros
351 685 413 716 per
430 680 580 718 quatuor
598 678 719 709 messis
737 679 882 722 angulos
897 679 1060 721 disponit,
1076 684 1162 723 puta
1176 680 1386 721 Cominium,
1402 681 1596 723 Eunocum,

238 734 341 772 atque
360 729 613 773 Atquananum
631 744 673 765 ex
690 745 815 777 genere
829 734 1022 774 Scotorum,
1036 741 1200 778 quartum
1215 736 1443 782 Guorganum
1458 741 1597 773 natione

238 784 451 818 Britonem.'’
486 787 575 820 Cum
590 789 758 833 magistro
773 800 814 822 ex
828 790 943 824 Scotia
957 802 1017 824 seu
1033 791 1202 825 Hibernia
1216 804 1384 838 egressus,
1403 807 1421 828 e
1435 795 1597 830 Luxovio

236 851 314 873 cum
330 843 448 875 eodem
463 854 483 876 a
497 844 630 877 sicariis
647 846 822 888 expulsus,
842 846 1012 886 Turones,
1030 847 1222 887 Aureliam,
1237 849 1426 890 Nannetes,
1444 851 1596 886 Parisios

236 897 410 937 lustravit,
429 910 506 932 cum
525 911 565 932 eo
583 899 783 934 Luxovium
800 903 914 941 rediit,
932 904 969 936 in
989 904 1170 938 Helvetios
1189 907 1295 945 venit,
1319 908 1355 940 in
1379 907 1518 942 Italiam
1541 910 1596 943 de-

235 954 377 987 scendit.
430 954 575 998 Scripsit

378 1010 470 1044 Acta
488 1011 589 1045 Beati
609 1012 724 1046 Patris
743 1013 948 1048 Columbani
968 1017 1127 1061 magistri
1297 1019 1356 1052 lib.
1378 1030 1401 1053 1.

283 1065 419 1099 Floruit
446 1078 537 1100 anno
568 1077 733 1102 DCLXVI.
786 1069 921 1104 Sanctis
949 1073 1091 1107 ascribit
1124 1073 1419 1121 Martyrologium
1445 1077 1595 1123 Angliae

234 1122 412 1154 colendum
432 1123 487 1155 die
507 1132 589 1156 XVI.
609 1125 782 1159 Octobris.

662 1236 698 1269 S.
726 1237 1022 1273 CAILTANUS.
1076 1243 1157 1278 277.

229 1344 263 1375 S.
277 1344 432 1377 CAILTA
440 1354 525 1385 NUS,
539 1348 653 1381 socius
665 1349 820 1393 ejusdem
833 1350 1034 1391 Columbae,
1051 1358 1084 1386 et
1099 1354 1301 1398 discipulus,
1317 1359 1440 1392 celebri
1455 1362 1593 1394 nomine

227 1400 325 1433 audit
344 1402 436 1443 apud
454 1402 489 1435 S.
509 1402 759 1438 Adamannum
778 1406 919 1440 Scotum
935 1407 1019 1441 Vita
1033 1409 1189 1453 ejusdem
1203 1414 1314 1446 sancti
1329 1425 1402 1458 cap.
1419 1425 1518 1450 XVII.
1533 1418 1591 1451 lib.

232 1464 255 1487 1.
271 1456 331 1488 ubi
347 1461 366 1474 ‘⁶
376 1458 479 1491 cellae
492 1461 729 1503 praepositus”
743 1467 897 1497 vocatur.
929 1463 1003 1497 Nec
1017 1466 1098 1498 alibi
1113 1467 1154 1499 de
1168 1479 1208 1501 eo
1219 1469 1331 1514 legere
1345 1473 1486 1505 memini
1499 1474 1593 1517 quie-

227 1522 343 1554 quam,
362 1514 455 1556 quod
474 1515 590 1554 sciam,
609 1517 676 1549 nisi
694 1520 787 1561 quod
812 1520 927 1553 Bruni
951 1522 1156 1556 collectanea
1181 1535 1260 1557 eum
1284 1526 1321 1559 in
1345 1526 1591 1563 Sutherlandia

227 1568 386 1601 abbatem
405 1568 513 1602 fuisse
532 1570 657 1605 ferant.
709 1573 854 1618 Scripsit

369 1624 621 1661 Meditationes.
1101 1637 1159 1669 lib.
1179 1646 1202 1669 Ι.

272 1680 409 1713 Floruit
427 1692 518 1714 anno
538 1691 643 1716 Devl.
682 1684 847 1719 Sanctum
866 1691 1025 1723 nonnulli
1044 1691 1186 1726 faciunt.
1220 1694 1357 1728 Colitur
1371 1705 1459 1729 XIII.
1479 1697 1585 1731 Mart.

224 1736 309 1780 Reg.

671 1836 705 1868 S.
733 1837 1007 1875 CATALDUS.
1059 1847 1139 1879 278.

221 1903 255 1935 S.
287 1904 514 1946 CATALDUS,
544 1908 668 1942 Scotus
699 1916 789 1949 ortu,
821 1912 858 1944 in
888 1913 1086 1957 Knapdah‘a
1115 1920 1325 1952 monasterio
1355 1920 1472 1954 Sancti
1500 1922 1582 1956 Phi-

221 1960 289 1991 lani
317 1961 492 2002 educatus,
527 1969 561 1996 et
588 1965 671 2008 quia
698 1970 800 1999 natus
831 1968 867 2001 in
897 1969 1032 2004 Scotiae
1062 1975 1248 2013 montanis,
1275 1987 1363 2018 quae
1392 1977 1581 2012 Hiberniae

220 2025 345 2048 nomen
372 2016 578 2058 habuerunt,
608 2020 684 2053 ideo
708 2033 728 2054 a
753 2025 928 2058 nonnullis
956 2026 1134 2062 Hibernus
1160 2031 1293 2070 audiit3
1321 2034 1380 2065 sed
1399 2033 1483 2068 Vita
1505 2036 1579 2079 ejus

219 2071 346 2104 diserte
371 2072 408 2104 in
440 2072 525 2107 Iona
556 2075 735 2109 Scotorum
765 2078 879 2112 insula
904 2087 1025 2115 natum
1052 2086 1178 2127 prodit,
1204 2098 1292 2130 quae
1318 2094 1413 2123 extat
1439 2091 1516 2124 MS.
1542 2092 1579 2124 in

219 2125 451 2161 Ambrosiana
474 2129 690 2171 bibliotheca,
714 2138 754 2166 ut
776 2145 818 2167 ex
840 2136 949 2170 literis
969 2138 1012 2171 R.
1032 2140 1072 2173 P.
1092 2141 1234 2187 Georgii
1258 2143 1470 2191 Archangeli
1494 2147 1578 2180 Les-

220 2182 283 2214 laei
302 2182 470 2226 Capucini
489 2192 647 2228 apparet:
674 2194 851 2231 praeterea
873 2192 910 2224 in
933 2195 1147 2235 praefatione
1170 2199 1213 2231 ad
1232 2198 1488 2235 Successionem
1510 2203 1576 2236 Ec-

219 2238 339 2270 clesiae
373 2238 628 2275 Dunkeldensis
663 2243 862 2278 Alexander
896 2248 1017 2282 Millus
1052 2254 1236 2288 canonicus
1270 2256 1319 2288 ait
1354 2257 1446 2290 hunc
1480 2269 1574 2291 sanc-

218 2298 291 2325 tum
332 2294 367 2326 in
408 2295 719 2332 Duncaledoniensi
754 2305 868 2335 tractu
902 2309 935 2336 et
970 2305 1221 2343 Dumblanensi
1257 2312 1318 2344 diu
1352 2314 1471 2346 munia
1505 2316 1573 2358 epi-
