1861 2682
614 266 785 299 GENTIS
808 265 1081 302 SCOTORUM‚
1105 265 1192 298 LIB.
1218 265 1244 297 1.
1570 268 1609 297 55

627 414 651 449 J
653 414 755 450 OAN
759 414 854 448 NES
878 413 1125 448 ALDARUS.
1176 416 1234 451 92.

250 529 272 561 J
275 536 354 562 oAN
361 536 436 561 NEs
449 527 612 567 AMarus,
627 527 726 572 cujus
742 527 874 560 nudum
887 537 1013 560 nomen
1026 526 1070 560 ad
1083 536 1138 560 me
1149 525 1299 565 devenit,
1313 525 1468 560 historiis
1482 526 1605 571 patriis

251 595 367 618 curam
388 584 570 627 impendit,
621 583 767 627 Scripsit

393 639 447 673 De
465 638 576 673 Scotis
594 644 629 673 et
647 639 814 673 Hibernis
1163 637 1222 671 lib.
1242 646 1267 670 1.

296 695 396 730 Vixit
412 706 503 730 anno
522 704 640 730 Mxm.

588 806 798 841 THOMAS
822 805 1151 841 AUGUSTINUS.
1203 808 1261 843 93.

247 918 421 952 THOMAS
455 918 689 964 Augustinus,
724 918 969 953 Turraviensis
999 917 1134 951 scholae
1163 918 1311 963 insignis
1346 918 1475 957 doctor,
1511 918 1602 953 inter

247 975 536 1008 eminentissimos
569 975 624 1008 sui
658 975 763 1008 seculi
801 974 958 1008 homines
991 974 1073 1018 jure
1109 974 1356 1012 numerandus,
1395 974 1603 1019 quadragin—

247 1035 282 1063 ta
299 1040 407 1073 paene
424 1031 525 1064 annis
543 1030 735 1064 incredibili
752 1030 868 1063 labore
881 1030 1105 1075 juventutem
1122 1029 1189 1063 sibi
1206 1029 1425 1063 commissam
1439 1030 1601 1063 erudivit.

246 1085 385 1125 Graece,
405 1086 540 1126 Latine,
564 1091 598 1120 et
623 1086 792 1120 Hebraice
816 1086 1046 1125 doctissimus,
1070 1086 1288 1130 antiquarius
1310 1085 1601 1129 incomparabilis,

245 1142 384 1184 scripsit

390 1197 619 1236 Quorundam
637 1197 833 1231 Auctorum
855 1197 1040 1231 versiones
1059 1208 1077 1231 e
1095 1197 1202 1232 Grae-

437 1263 476 1285 co
494 1252 530 1284 in
548 1251 718 1286 Latinum
1158 1253 1218 1287 lib.
1239 1262 1264 1286 1.

386 1308 552 1341 Poemata
571 1307 703 1340 Graeca
1160 1309 1220 1342 lib.
1241 1318 1266 1342 Ι.

384 1363 569 1397 Orationes
588 1362 717 1396 Graece
735 1362 929 1406 Latineque
1160 1364 1220 1397 lib.
1239 1373 1263 1397 1.

386 1418 655 1453 Observationes
673 1420 710 1452 in
727 1419 957 1464 Septuaginta
1156 1419 1216 1453 lib.
1236 1428 1261 1452 Ι.

386 1474 572 1509 Praeludia
589 1475 777 1509 Rhetorica
1160 1475 1220 1509 lib.
1240 1484 1264 1509 1.

289 1530 386 1565 Obiit
403 1531 441 1565 in
457 1531 628 1565 laborioso
646 1532 809 1565 exercitio
827 1542 918 1566 anno
936 1539 1099 1566 MDXCII.

583 1643 794 1678 THOMAS
818 1643 1146 1679 AUGUSTINUS.
1197 1647 1255 1683 94.

243 1755 415 1790 THOMAS
431 1755 656 1802 Augustinus
675 1756 932 1796 Turraviensis‚
956 1756 1143 1800 superioris
1167 1757 1269 1798 filius,
1293 1768 1356 1792 nec
1378 1763 1476 1803 patre
1500 1765 1598 1794 tanto

240 1812 415 1857 indignus,
439 1813 682 1847 amoenissimo
705 1813 845 1858 ingenio
867 1813 1074 1852 adolescens,
1098 1815 1332 1857 quarumlibet
1355 1816 1524 1850 bonarum
1543 1828 1598 1850 ar·

241 1868 328 1901 tium
354 1879 473 1912 capax,
498 1869 649 1911 patriam
674 1869 814 1913 pietatis
840 1869 1019 1902 discendae
1042 1871 1158 1903 studio
1181 1871 1332 1914 reliquit,
1356 1872 1394 1905 in
1416 1873 1481 1906 hoc
1503 1874 1595 1916 patri

241 1935 345 1967 quam
372 1924 581 1963 simillimus,
607 1925 668 1968 qui
692 1926 797 1958 nullis
823 1936 977 1968 unquam
1003 1926 1204 1960 muneribus
1230 1932 1292 1960 aut
1317 1932 1448 1962 terrore
1472 1929 1595 1962 adduci

239 1980 364 2022 potuit,
387 1984 427 2013 ut
450 1991 471 2012 a
493 1981 660 2025 religione
678 1981 857 2014 Catholica
874 1982 1051 2014 tantillum
1072 1982 1272 2017 discederet.
1299 1983 1416 2028 Igitur
1442 1983 1596 2018 Thomas

238 2035 435 2068 societatem
453 2035 538 2068 Jesu
555 2036 687 2069 Romae
705 2037 892 2081 ingressus,
917 2038 1028 2070 multa
1050 2038 1176 2081 probae
1199 2039 1325 2072 indolis
1348 2040 1476 2073 indicia
1498 2051 1595 2084 prae-

237 2096 375 2124 matura
400 2095 434 2124 et
459 2091 579 2124 acerba
604 2096 715 2126 morte
740 2097 861 2136 raptus
886 2093 1038 2137 reliquit.
1090 2093 1236 2138 Scripsit
1262 2096 1383 2135 multa,
1410 2100 1450 2129 ut
1475 2096 1511 2129 in
1537 2097 1594 2130 illa

239 2151 372 2180 aetate:
399 2147 436 2180 in
454 2146 519 2186 his,

382 2202 647 2247 Epigrammata
665 2214 762 2237 sacra
1157 2207 1216 2240 lib.
1236 2216 1260 2240 1.

383 2258 524 2303 Elegias
542 2269 655 2293 sacras
672 2260 732 2293 lib.
751 2269 776 2293 1.
794 2261 920 2304 quibus
937 2262 1126 2296 ornabatur
1143 2263 1336 2298 nobilitatis
1353 2264 1438 2298 illud
1457 2275 1496 2297 ac
1521 2264 1593 2306 pie-

364 2340 369 2343 .
429 2314 511 2348 tatis
528 2314 695 2359 Lyceum,
712 2316 936 2351 seminarium
958 2317 1169 2352 Romanum.
