1861 2682
607 249 778 282 GENTIS
808 247 1078 284 SCOTORUM,
1102 248 1189 279 LIB.
1212 247 1268 278 IV.
1551 248 1612 278 219

258 344 438 376 victoriam
473 342 703 375 asseruisset?
743 341 834 374 Tum
866 341 1078 374 adstantium
1105 340 1257 383 quidam,
1290 338 1401 384 digito
1431 339 1610 383 designan-

258 404 308 431 tes
326 410 404 431 eum
422 400 565 436 intento,
584 398 747 430 dixerunt
765 396 904 435 Sentice,
931 394 1068 428 Scholto
1093 394 1271 439 Douglas‚
1298 397 1333 428 id
1351 400 1414 433 est,
1435 399 1455 413 “
1474 395 1552 427 vide
1571 395 1610 427 il-

258 456 330 487 lum
349 455 501 498 nigrum,
520 453 682 486 subfusco
700 454 810 485 colore
825 453 852 484 :''
878 457 960 485 tunc
977 453 1068 484 enim
1087 452 1291 495 cognomina
1309 452 1404 484 nulla
1419 454 1528 488 erant,
1544 451 1610 482 nisi

256 521 276 541 a
294 510 442 552 praediis
460 510 579 552 petita,
605 509 663 540 sed
688 513 748 540 aut
772 520 792 541 a
812 508 968 550 patribus
992 508 1160 540 nominati
1186 507 1265 545 viri,
1292 511 1352 539 aut
1378 518 1398 539 a
1424 508 1546 545 colore,
1574 510 1612 538 ut

258 564 381 603 Albus,
405 565 526 609 Niger,
554 564 698 602 Fuscus,
724 564 867 602 Viridis,
889 564 1086 601 Caeruleus,
1113 567 1146 595 et
1171 562 1384 606 hujusmodi.
1435 562 1513 595 Rex
1530 572 1612 605 ergo

258 620 368 652 victor
385 631 462 652 eum
481 620 629 662 praediis
653 620 776 662 opimis
800 620 953 657 donavit,
976 630 1063 661 quae
1086 619 1190 651 etiam
1214 619 1315 651 hodie
1338 618 1609 662 Douglasdaille,

259 675 294 707 id
312 680 374 713 est,
399 675 671 719 Douglasiorum
699 675 809 714 vallis,
838 679 990 713 vocatur,
1017 679 1050 707 et
1075 674 1118 707 ab
1141 675 1200 707 illo
1223 679 1349 707 eventu
1372 678 1508 718 gentem
1537 683 1612 705 eam

258 734 482 773 posterosque
500 741 618 762 omnes
642 730 848 774 Douglasios
874 731 987 762 vocari
1010 731 1084 774 lege
1101 731 1227 762 sanxit.
1279 729 1396 773 Hujus
1422 732 1520 771 pater
1545 728 1613 760 fuit

258 796 319 818 rex
350 786 548 824 Mordacus,
580 786 637 818 sed
663 786 735 828 ipse
761 785 909 818 factione
934 785 1027 817 civili
1052 786 1171 828 pulsus
1201 785 1238 817 in
1268 785 1445 829 Norvegia
1470 784 1612 816 delitue-

258 845 322 878 rat,
350 852 388 873 ac
414 846 497 874 tunc
521 842 660 884 quidem
687 842 826 873 domum
854 841 1021 873 redierat:
1047 840 1137 873 filius
1164 841 1238 884 ejus
1266 840 1384 884 Hugo,
1411 851 1488 873 cum
1515 851 1553 872 eo
1579 844 1612 872 et

258 897 337 928 exul
355 901 389 929 et
407 897 526 934 redux,
545 897 630 928 duos
648 896 733 928 filios
753 896 913 938 suscepit,
931 896 1141 928 Gulielmum
1157 901 1189 928 et
1206 895 1413 940 Hugonem3
1441 896 1612 938 posterior

258 952 396 995 quidem
426 957 586 995 paternas
617 953 709 984 domi
735 952 964 994 possessiones
991 952 1113 989 tenuit,
1140 952 1352 994 stirpemque
1379 952 1610 995 propagavit3

258 1009 344 1040 alter
370 1019 446 1040 cum
475 1008 648 1040 Gulielmo
673 1007 815 1040 Archaii
842 1007 933 1050 regis
960 1006 1066 1039 fratre
1088 1007 1124 1039 in
1152 1007 1302 1045 Italiam,
1329 1008 1507 1050 copiarum
1534 1007 1614 1039 Sco-

257 1064 416 1101 ticarum,
435 1063 558 1095 Carolo
576 1063 707 1107 Magno
726 1063 963 1100 militantium,
989 1063 1122 1100 ductor,
1148 1067 1182 1095 et
1208 1073 1286 1094 cum
1312 1063 1348 1094 in
1374 1063 1534 1095 morbum
1560 1063 1613 1094 in-

257 1119 406 1157 cidisset,
427 1118 585 1151 substitit
606 1118 820 1156 Placentiae3
852 1119 1006 1150 discussa
1029 1129 1110 1151 vero
1137 1119 1345 1157 valetudine,
1364 1118 1524 1161 Spettini,
1546 1119 1613 1150 viri

258 1175 462 1206 auctoritate
488 1180 522 1206 et
552 1174 674 1216 opibus
703 1174 835 1216 inclyti,
861 1173 966 1206 filiam
993 1175 1029 1206 in
1055 1185 1198 1206 uxorem
1225 1174 1337 1212 duxit,
1365 1175 1455 1206 unde
1482 1174 1614 1206 familia

258 1230 359 1263 Scota
387 1230 539 1267 ibidem,
558 1229 751 1260 incredibili
781 1230 971 1267 literarum,
1001 1240 1187 1268 armorum,
1213 1231 1407 1263 sanctitatis
1434 1231 1614 1272 splendore

256 1286 398 1327 pollens,
431 1285 598 1328 originem
630 1283 749 1322 trahit,
785 1295 889 1326 quam
919 1289 969 1322 tu,
1000 1285 1231 1317 illustrissime
1266 1285 1352 1317 Fabi
1387 1297 1509 1324 comes,
1544 1296 1613 1318 non

259 1341 451 1384 vulgariter
491 1338 685 1377 munificus,
730 1339 886 1378 blandus,
923 1351 1040 1372 rerum
1082 1341 1294 1384 agendarum
1337 1342 1613 1379 callentissimus,

258 1407 415 1429 exornas.
458 1395 531 1427 Nec
560 1395 646 1427 illud
676 1394 815 1437 quidem
846 1395 984 1437 probari
1015 1396 1174 1434 arduum,
1204 1407 1284 1428 nam
1314 1402 1450 1439 praeter
1476 1398 1614 1430 histori-

258 1463 314 1485 cos
340 1452 558 1484 Placentinos
585 1455 618 1483 et
644 1451 774 1489 Scotos,
801 1452 951 1495 insignia
969 1452 1003 1484 id
1021 1456 1155 1490 notant,
1184 1456 1203 1469 ‘⁶
1222 1456 1291 1484 tres
1318 1453 1436 1485 stellae
1462 1453 1497 1485 in
1524 1464 1614 1485 cam-

260 1519 304 1550 po
334 1508 489 1539 caeruleo
506 1508 535 1546 3⁷⁷
565 1512 598 1539 et
628 1507 706 1539 licet
736 1506 928 1540 Placentini
953 1518 1109 1550 proceres
1139 1518 1231 1539 nunc
1257 1508 1342 1540 duas
1372 1512 1509 1540 tantum
1535 1511 1614 1542 stel-

259 1565 308 1596 las
342 1562 549 1606 praeferant,
586 1566 702 1594 tamen
735 1562 852 1594 eadem
887 1568 1102 1607 argumenta,
1136 1574 1207 1596 una
1240 1564 1332 1595 enim
1367 1575 1486 1596 earum
1521 1565 1614 1597 civili

259 1619 463 1651 Guelforum
492 1617 640 1650 factione
670 1618 784 1650 ablata
812 1619 1016 1662 rejectaque.
1079 1618 1175 1651 Haec
1209 1619 1348 1661 quidem
1383 1620 1499 1652 omnia
1529 1621 1615 1653 liber

259 1674 406 1706 habebat
443 1673 519 1706 MS.
563 1674 711 1717 eleganti
746 1677 780 1706 et
813 1674 960 1718 oblongo
994 1674 1198 1712 charactere,
1233 1686 1302 1717 quo
1336 1675 1499 1708 utebatur
1533 1676 1615 1709 Ale-

260 1730 390 1762 xander
423 1729 561 1767 Duffus‚
596 1730 756 1762 dominus
792 1729 992 1762 Tillisaulae
1025 1740 1131 1772 prope
1165 1729 1447 1774 Strathbolgiam‚
1490 1738 1530 1765 ut
1564 1744 1615 1765 re-

259 1785 326 1818 fert
367 1785 672 1817 excellentissimus
715 1784 907 1817 Gulielmus
949 1784 1159 1828 Douglasius
1202 1796 1313 1818 comes
1356 1786 1535 1830 Augusiae
1578 1788 1613 1819 in

261 1842 333 1873 suis
364 1841 662 1873 observationibus
690 1841 726 1872 in
753 1841 866 1882 prima
892 1841 1112 1884 relegatione,
1141 1852 1228 1884 quae
1255 1842 1444 1874 etiamnum
1471 1848 1613 1876 extant:

260 1907 338 1929 cum
368 1901 482 1928 autem
511 1895 705 1928 Gulielmus
735 1897 810 1940 ejus
837 1896 938 1935 filius,
966 1896 1025 1939 qui
1057 1896 1157 1928 hodie
1185 1908 1296 1930 comes
1327 1902 1378 1930 est
1404 1899 1504 1942 longe
1532 1900 1614 1941 piis-

260 1952 368 1984 simus
403 1962 440 1983 ac
474 1952 745 1994 potentissimus,
781 1952 1019 1984 Alexandrum
1057 1951 1200 1995 Hayum
1239 1957 1379 1992 orasset,
1421 1960 1614 1988 senatorem

261 2007 407 2051 regium,
425 2017 464 2039 ac
481 2008 615 2039 scriniis
637 2007 860 2050 praefectum,
885 2008 987 2040 vellet
1013 2008 1056 2040 ab
1080 2008 1189 2040 amico
1214 2019 1277 2041 suo
1302 2009 1408 2042 Duffo
1434 2010 1509 2053 ejus
1536 2011 1614 2043 libri

261 2063 394 2105 copiam
412 2063 580 2105 tantisper
602 2070 727 2105 petere,
754 2064 920 2106 comperit
945 2074 1034 2101 eum,
1060 2074 1138 2096 cum
1163 2064 1244 2097 totis
1270 2065 1421 2104 aedibus,
1446 2066 1614 2098 subitario

260 2120 340 2162 igne
365 2122 617 2160 consumptum,
643 2123 683 2151 ut
708 2119 840 2151 iteratis
867 2119 1142 2152 excellentissimi
1168 2120 1320 2164 ejusdem
1345 2122 1479 2153 comitis
1503 2123 1612 2153 litei-is

261 2174 375 2205 didici.
426 2172 483 2205 Ex
501 2173 564 2205 hoc
582 2174 700 2216 liquet,
725 2185 829 2217 quam
853 2185 975 2217 parum
1003 2177 1159 2208 consulto
1185 2175 1336 2209 Joannes
1364 2177 1527 2209 Leslaeus
1554 2179 1610 2210 lib.

262 2237 330 2260 vu.
362 2229 426 2261 sub
444 2229 584 2261 initium
608 2229 745 2267 scribat,
771 2229 858 2262 hanc
884 2229 1151 2275 Douglasiorum
1178 2231 1343 2265 familiam
1370 2233 1434 2265 sub
1460 2233 1612 2265 Roberto

263 2284 390 2317 Brucio
408 2295 487 2329 rege
505 2295 595 2317 anno
615 2292 759 2317 Μῦθον.
779 2290 900 2318 ortam.
