1861 2682
577 252 745 286 GENTIS
770 250 1040 287 SCOTORUM,
1068 249 1153 282 LIB.
1179 252 1204 282 Ι.
1551 256 1569 283 7

209 347 409 390 potissimus
427 346 627 385 habebatur,
648 345 745 388 (Vita
763 344 971 388 Maidulphi‚
989 348 1024 377 et
1041 343 1349 388 Scotichronicon‚)
1373 349 1407 377 et
1431 345 1467 377 in
1490 346 1564 389 ejus

206 403 357 446 gratiam
391 402 682 435 Sherbornensem
720 401 965 444 episcopatum,
1006 411 1094 443 quae
1136 403 1255 442 postea
1297 399 1564 433 Sarisburiensis

206 458 298 491 dicta
315 458 489 496 dioecesis,
508 458 671 496 instituit,
689 461 873 500 postquam
892 456 990 489 annis
1010 464 1154 488 XXXIV·
1175 455 1279 488 abbas
1297 454 1430 489 fuisset.

255 513 335 546 Non
352 514 468 547 induit
486 513 644 547 habitum
663 513 700 546 in
716 512 857 557 Anglia,
875 516 915 544 ut
938 516 1097 554 apostata
1120 510 1269 559 Balaeus
1293 512 1480 551 contendit,
1506 514 1565 545 sed

204 570 238 602 in
270 568 503 602 Maildubensi
533 569 695 602 coenobio
724 568 949 601 Benedictino
979 568 1016 600 in
1045 566 1171 606 Scotia,
1201 567 1294 611 quod
1326 567 1430 600 etiam
1458 568 1563 601 abbas

203 629 320 657 sancte
354 625 621 663 administravit,
659 629 699 658 ut
731 628 868 668 praeter
900 628 1071 657 nostrates
1104 622 1285 657 Conradus
1319 622 1492 657 Gesnerus
1528 626 1562 657 in

204 679 423 713 Bibliotheca
439 685 591 714 correcta
608 680 770 723 prodidit.

250 735 347 768 Beda
360 746 439 768 eum
452 735 511 769 lib.
527 744 563 769 V.
580 736 673 769 Hist.
688 735 795 780 Angl.
811 746 884 779 cap.
901 744 955 768 IX.
970 736 1077 770 effuse
1090 736 1219 770 laudat.
1238 736 1291 770 De
1305 737 1442 780 scriptis
1456 738 1561 771 etiam

200 789 302 825 Joan.
322 791 498 824 Meursius
516 791 671 826 Mantisa
687 802 760 835 cap.
781 800 805 824 1.
833 797 854 811 “
867 792 1020 837 Elegans
1037 803 1118 825 sane
1135 793 1283 835 scriptor
1299 792 1505 833 Adhelmus,
1529 798 1563 827 et

201 847 326 891 dignus
352 847 495 880 clariore
521 848 608 887 luce,
632 859 725 881 nunc
749 848 849 891 quasi
875 848 912 880 in
937 848 1122 881 latibulum
1148 849 1287 892 aliquod
1313 857 1522 892 compactus,
1540 862 1561 883 a

200 903 319 945 paucis
333 903 462 947 legitur
476 914 484 936 ε
505 905 617 947 stylus
631 905 695 937 etsi
709 915 779 937 non
792 908 946 942 ornatus,
960 914 1125 937 amoenus
1138 908 1255 937 tamen
1268 909 1330 944 est,
1345 910 1379 938 et
1392 905 1484 948 capit
1497 906 1563 938 lec-

200 964 310 992 torem
328 959 503 993 eruditum
521 959 565 993 ob
582 960 728 993 insertas
750 959 902 992 melioris
927 960 1127 992 literaturae
1150 971 1221 993 non
1244 971 1370 1004 paucas
1394 972 1559 1005 gemmas.

200 1014 253 1047 De
270 1025 324 1047 me
342 1015 499 1058 equidem
517 1015 690 1058 profiteor,
708 1026 813 1058 supra
831 1015 973 1048 modum
990 1015 1198 1049 delectatum
1214 1015 1322 1049 fuisse
1339 1018 1431 1060 stylo
1451 1017 1487 1050 in
1501 1018 1560 1050 illa

200 1076 395 1113 temporum
412 1071 657 1105 inamoenitate
675 1076 746 1104 tam
764 1076 876 1115 grato,
894 1075 928 1104 et
945 1076 1017 1104 tam
1036 1071 1136 1105 docto
1153 1072 1191 1105 in
1208 1072 1277 1105 ista
1294 1072 1483 1106 barbarie.”

247 1125 393 1168 Scripsit
416 1127 536 1165 multa,
561 1127 621 1160 sed
643 1126 727 1160 haec
750 1126 821 1160 fere
845 1127 999 1160 eminent
1022 1138 1101 1160 cum
1125 1128 1238 1161 adhuc
1261 1128 1367 1162 abbas
1393 1134 1481 1162 esset
1502 1130 1561 1173 ju-

198 1182 299 1214 bente
315 1182 448 1224 synodo
465 1183 578 1225 gentis
596 1181 776 1226 Aug-licae,
796 1183 932 1226 insigne
950 1187 984 1216 et
1003 1183 1089 1217 utile
1108 1195 1206 1226 opus,

341 1236 522 1270 Adversus
540 1236 707 1270 Errorem
726 1237 913 1270 Britonum
1119 1240 1178 1272 lib.
1198 1249 1222 1272 1.

342 1292 395 1325 De
413 1292 651 1326 Celebratione
670 1292 823 1325 Paschae
1119 1295 1178 1328 lib.
1198 1304 1223 1328 1.

243 1349 352 1392 Saepe
368 1349 433 1382 hoc
450 1359 552 1391 opere
568 1348 769 1386 memoravi,
797 1352 831 1381 et
854 1350 953 1391 plene
971 1348 1112 1382 Gabriel
1130 1349 1312 1385 Prateolus
1335 1353 1557 1392 Marcossius,

197 1405 252 1437 vir
269 1405 401 1443 doctus,
427 1404 575 1437 Elenchi
595 1403 860 1437 Haereticorum
886 1404 945 1438 lib.
970 1414 1026 1438 XI.
1051 1405 1088 1437 in
1115 1416 1197 1438 voce
1222 1405 1476 1448 filontanistae,
1499 1410 1558 1442 lib.

197 1469 269 1493 X11.
292 1461 330 1493 in
353 1458 561 1498 Novatiam’,
582 1460 642 1493 lib.
670 1468 753 1492 X1V.
783 1460 820 1492 in
846 1458 1087 1501 Paschatitae,
1110 1461 1170 1495 lib.
1191 1471 1257 1495 XV.
1280 1463 1317 1496 in
1338 1462 1559 1504 Quatuorde-

195 1514 334 1555 cimani,
352 1516 411 1549 lib.
431 1524 530 1548 XV11.
549 1516 586 1548 in
603 1513 824 1555 Sabbathini,
842 1516 902 1550 lib.
923 1525 1040 1550 XVIII.
1059 1518 1097 1551 in
1116 1515 1470 1559 Tessaresdeeatitae,
1486 1520 1559 1554 Ho-

197 1573 268 1605 sius
298 1572 356 1605 lib.
389 1572 430 1604 de
461 1571 688 1604 Caerimoniis
719 1582 792 1614 cap.
824 1581 905 1605 XCI.
936 1572 1123 1616 Nicephor.
1155 1574 1214 1607 lib.
1243 1583 1295 1608 IV.
1326 1587 1399 1619 cap.
1432 1586 1557 1609 XXXV.

195 1627 326 1660 Socrat.
353 1627 411 1660 lib.
439 1635 513 1662 XII.
539 1638 611 1670 cap.
640 1636 774 1660 XXXII.
801 1628 1011 1662 Philastrius
1034 1629 1242 1670 Brixiensis,
1270 1631 1305 1665 S.
1333 1631 1415 1666 Leo.
1444 1633 1557 1676 Epist.

198 1692 295 1716 [ΧΠ.
314 1683 349 1716 S.
368 1682 590 1726 Epiphanius
611 1683 754 1717 Haeres.
774 1693 843 1717 XX.
862 1689 896 1718 et
917 1684 1062 1720 Haeres.
1082 1694 1134 1719 LI.
1153 1690 1188 1719 et
1205 1687 1275 1720 alii.

339 1739 392 1772 De
409 1738 623 1783 virginitate
640 1739 701 1772 SS.
1115 1742 1175 1776 lib.
1195 1752 1219 1776 1.
1238 1754 1353 1778 versu.

339 1795 393 1828 De
411 1796 528 1828 eadem
548 1795 602 1828 Re
1118 1799 1176 1832 lib.
1198 1808 1223 1832 1.
1240 1811 1352 1844 prosa.

335 1851 516 1895 Epistulae
533 1851 576 1884 ad
594 1851 750 1884 diversos
1116 1855 1175 1888 lib.
1196 1865 1220 1888 1.

340 1907 393 1940 De
411 1907 496 1941 Vita
514 1906 765 1940 Monachorum
1114 1911 1174 1944 lib.
1194 1921 1219 1944 1.

336 1963 389 1996 De
407 1963 528 1997 Laude
546 1963 606 1996 SS.
1114 1967 1172 2000 lib.
1195 1976 1219 2000 Ι.

338 2018 392 2051 De
410 2019 603 2062 Septenarii
621 2019 804 2064 Dignitate
1113 2023 1171 2056 lib.
1192 2033 1216 2057 1.

339 2074 393 2107 De
410 2080 486 2107 octo
504 2075 610 2108 Vitiis
629 2076 877 2119 principalibus
1113 2079 1172 2112 lib.
1192 2089 1219 2113 1.

337 2129 392 2162 De
409 2129 641 2164 Arithmetica
1112 2136 1171 2169 lib.
1192 2146 1216 2169 1.

339 2185 392 2218 De
410 2185 613 2230 Astrologia
1113 2192 1172 2225 lib.
1194 2201 1218 2225 1.

339 2242 393 2275 De
413 2242 703 2286 Philosophorum
722 2244 925 2289 Disciplinis
1112 2248 1172 2282 lib.
1193 2258 1218 2282 Ι.

341 2299 460 2333 Flores
476 2300 659 2344 utriusque
678 2300 893 2335 Testamenti
1112 2305 1171 2338 lib.
1193 2314 1233 2338 11.
