1861 2682
594 250 765 282 GENTIS
790 248 1060 286 SCOTORUM,
1085 248 1173 280 LIB.
1201 249 1236 278 V.
1528 252 1588 278 ‘255

375 342 426 376 De
445 343 657 386 Corporibus
676 342 787 384 planis
1148 341 1206 374 lib.
1228 350 1251 373 Ι.

375 399 640 443 Disputationes
659 399 700 430 de
719 398 821 430 Coelo
1150 397 1207 429 lib.
1229 406 1251 428 1.

279 455 413 487 Claruit
431 466 522 487 anno
544 462 691 487 MCceX.
716 454 802 486 obiit
820 453 1003 486 Ambianis
1022 453 1243 485 ecclesiastes
1296 452 1472 490 Quaedam
1494 453 1585 484 illius

230 512 442 552 prodierunt.

638 608 672 640 S.
696 604 1040 639 EDILWALDUS.
1093 603 1173 641 469.

231 683 250 696 ‘⁶
265 678 298 709 S.
315 677 602 716 EDILWAIAEUs,
622 680 803 723 religiosus
821 678 1011 720 presbyter,
1031 677 1189 709 minister
1208 678 1272 709 viri
1289 677 1353 710 Dei
1369 677 1584 713 Cuthberffis

230 739 267 765 ut
288 732 391 765 refert
410 734 446 765 in
464 733 548 766 Vita
566 735 658 767 illius
680 735 774 767 Beda
792 745 864 776 cap.
885 742 983 765 XXX.
1011 733 1102 775 apud
1129 732 1270 765 Surium
1293 738 1376 765 tom.
1398 742 1438 766 11.
1466 740 1585 775 postea

230 800 311 821 vero
329 789 433 821 abbas
453 789 700 823 Maiirosensis.
738 789 826 822 Erat
840 789 904 822 hoc
917 788 1165 821 monasterium
1184 789 1220 821 in
1239 800 1322 833 agro
1341 789 1533 826 Scotorum,
1548 795 1585 821 ut

231 856 330 887 saepe
349 845 411 877 hoc
429 856 530 888 opere
554 846 728 884 admonui,
751 846 974 878 seminarium
993 843 1052 877 SS.
1072 844 1227 877 virorum
1246 844 1509 883 feracissimum,
1528 847 1587 877 sed

230 901 291 938 illi,
310 902 401 933 malo
419 900 552 934 Scotiae
576 901 659 940 fato,
683 913 746 944 pro
769 901 896 945 Anglis
920 900 962 933 ab
980 900 1162 942 imperitis,
1188 901 1360 944 malignis,
1379 906 1440 933 aut
1457 902 1584 934 exteris

231 958 456 1000 scriptoribus
482 958 603 996 habiti,
631 969 709 991 cum
734 962 850 990 tamen
873 956 1074 989 coenobium
1099 956 1185 988 illud
1209 957 1312 988 etiam
1338 957 1439 989 hodie
1462 968 1586 989 nomen

231 1014 377 1046 retineat
403 1014 438 1046 in
465 1014 590 1053 Scotia,
616 1019 649 1047 et
674 1026 712 1047 eo
736 1014 849 1046 seculo
875 1012 967 1044 Scoti
994 1022 1111 1043 omnes
1140 1012 1282 1043 vicinias
1308 1013 1521 1051 erudiebant,
1547 1018 1586 1045 ut

231 1080 330 1112 saepe
348 1070 411 1102 hoc
428 1081 529 1112 opere
546 1070 741 1112 probatum,
761 1080 821 1101 nec
839 1068 974 1111 Anglos
992 1067 1063 1099 ulla
1080 1067 1213 1100 ratione
1227 1067 1263 1099 in
1277 1066 1428 1100 Scotiam
1442 1069 1588 1112 migras-

231 1136 275 1156 se.
335 1124 562 1157 Postmodum
597 1125 840 1157 Lindisfarnae
868 1123 1155 1166 archiepiscopus,
1193 1123 1333 1156 sedebat
1368 1123 1586 1156 Edilwaldus

233 1187 350 1213 noster
367 1181 450 1212 dum
469 1180 565 1213 Beda
583 1181 764 1219 scribebat,
783 1184 817 1212 et
834 1179 972 1222 scripsit

376 1236 428 1268 De
445 1236 546 1269 Actis
566 1236 600 1269 S.
620 1236 805 1269 Cuthberti
1144 1235 1202 1267 lib.
1224 1244 1248 1267 1.

373 1292 426 1324 De
445 1291 664 1324 Successione
682 1291 861 1324 Abbatum
879 1291 915 1323 in
934 1291 1078 1324 Mailros
1145 1291 1204 1323 lib.
1225 1300 1249 1323 1.
1298 1291 1462 1325 Meminit
1480 1293 1586 1325 Beda.

272 1348 409 1381 Floruit
420 1359 510 1380 anno
523 1356 597 1380 Dec
606 1355 702 1380 LXII.
715 1351 776 1379 aut
784 1346 1149 1380 westmonasteriensi
1161 1347 1190 1379 si
1202 1347 1320 1380 credas
1331 1356 1588 1381 Dccxxxvm.

232 1403 404 1436 Trithem.
423 1404 481 1436 lib.
502 1412 555 1436 IV.
573 1402 650 1436 Vir.
671 1403 718 1435 ill.
736 1413 810 1445 cap.
830 1411 1001 1435 CLXXIX.

675 1513 1005 1548 EUSTATHIUS.
1058 1516 1138 1550 470.

232 1627 491 1660 EUSTATHIUS
509 1627 614 1660 abbas
631 1626 935 1666 Aberbrothensis,
954 1627 1072 1669 paucis
1090 1628 1222 1660 clericis
1239 1629 1386 1666 asseclis,
1405 1629 1590 1662 comitante

234 1683 374 1716 Udardo
388 1683 546 1725 episcopo
561 1682 798 1720 Brechinensi,
818 1687 838 1700 ‘⁶
852 1686 962 1715 totam
976 1682 1126 1715 scotiam
1141 1684 1243 1726 pedes
1257 1685 1432 1723 lustravit,
1447 1685 1590 1718 verbum

233 1739 375 1771 Domini
405 1739 610 1777 seminans‚”
645 1738 695 1770 ait
730 1737 777 1770 H.
809 1738 978 1771 Boethius
1009 1739 1067 1771 lib.
1100 1747 1190 1772 XIII.
1223 1739 1357 1773 Histor.
1391 1740 1481 1774 Scot.
1513 1752 1590 1785 pag.

235 1801 430 1825 CCLXXIX.
482 1793 629 1836 Scripsit

380 1848 498 1882 Vitam
517 1848 664 1881 Davidis
683 1848 790 1893 Regis
1151 1852 1210 1885 lib.
1231 1861 1256 1884 1.

376 1905 498 1938 Vitam
517 1904 698 1937 wilhelmi
717 1904 825 1949 Regis
1149 1907 1208 1940 lib.
1229 1917 1253 1940 Ι.

380 1960 617 1992 Homiliarum
635 1961 772 2005 insigne
789 1971 875 2004 opus
1150 1964 1210 1996 lib.
1231 1973 1255 1996 I.

378 2016 421 2048 In
439 2015 674 2060 Evangelium
693 2015 809 2049 Lucae
1150 2019 1208 2052 lib.
1229 2029 1252 2052 Ι,

284 2072 421 2105 Floruit
438 2082 528 2104 anno
548 2080 714 2104 MCCXVI.

687 2168 722 2200 S.
749 2167 1003 2203 EUSEBIUS.
1056 2173 1137 2208 471.
1179 2143 1184 2151 ·

234 2242 268 2273 S.
307 2240 505 2273 EUsEBIUs
546 2240 735 2273 monachus
777 2251 817 2273 ea
858 2246 1062 2285 tempestate
1109 2244 1146 2277 in
1185 2243 1300 2278 Scotia
1338 2247 1520 2279 sanctitate
1558 2252 1591 2279 et

234 2297 389 2330 doctrina
429 2296 590 2339 pollebat,
628 2307 698 2339 qua
731 2295 766 2329 S.
802 2296 964 2330 Andreae
1002 2300 1148 2342 apostoli
1184 2300 1362 2334 brachium
1401 2313 1478 2334 cum
1518 2303 1593 2334 aliis

860 2355 881 2384 2
902 2362 924 2385 L
