1861 2682
595 249 765 281 GENTIS
787 248 1056 285 SCOTORUM,
1082 248 1167 278 LIB.
1194 249 1218 278 1.
1549 249 1587 278 17

374 341 456 375 Vita
474 340 508 373 S.
528 340 743 374 Willibrordi
1042 340 1100 373 lib.
1121 348 1147 372 1.
1166 339 1316 372 carmine
1335 339 1473 380 scripta.

374 396 497 441 Elegia
515 397 551 429 in
569 396 603 428 S.
623 395 824 440 XVilgisum.

280 451 410 484 Putant
428 463 501 484 esse
518 449 591 496 ejus
609 456 649 484 ut
666 462 771 494 supra
786 461 794 483 ε

373 507 426 539 De
444 507 561 539 Rebus
579 506 746 539 Romanis
1046 506 1104 539 lib.
1125 515 1149 538 1.
1170 506 1283 538 Falso.

372 562 425 595 De
443 562 567 595 Mettis
1047 562 1106 595 lib.
1129 570 1150 594 1.
1170 561 1222 594 De
1239 561 1327 594 libro
1342 561 1419 593 vide
1438 572 1477 593 ea
1494 571 1580 603 quae

421 628 526 660 supra
542 618 584 650 de
602 628 641 650 eo
659 617 750 650 dicta
767 623 859 650 sunt.

278 671 357 705 Non
375 673 467 705 edita
485 683 565 705 vero
583 678 664 705 sunt
682 683 785 715 opera
798 673 872 716 ejus
885 683 954 705 non
967 683 1086 716 pauca.
1128 672 1170 705 In
1184 672 1409 705 vallicellana
1422 676 1580 704 servatur

229 726 305 760 MS.
330 727 453 771 ingens
476 728 669 765 thesaurus,
692 728 741 760 ait
763 727 935 761 Baronius
956 728 999 761 ad
1024 738 1153 760 annum
1178 735 1432 761 DCCLXXVIH.
1451 726 1578 758 Annal.

372 782 481 816 Vetus
501 783 695 816 Bibliorum
714 783 832 816 Codex
1048 784 1105 816 lib.
1126 792 1150 815 1.

229 837 271 870 In
290 837 506 871 Bibliotheca
526 838 749 880 Imperatoris
767 838 978 871 Viennensi:

371 894 574 927 Intercessio
592 905 654 936 pro
671 905 778 937 puero
796 893 921 926 Mauro
1044 895 1102 927 lib.
1123 903 1147 927 1.

373 949 455 982 Vita
474 948 508 981 S.
528 949 682 982 Richarii
1043 950 1102 983 lib.
1123 959 1146 982 1.
1197 949 1320 982 Surius
1339 958 1453 982 XXVI.
1471 949 1557 993 Apr.

372 1007 454 1039 Vita
471 1006 506 1039 S.
524 1006 752 1045 willibrordi,
771 1018 882 1050 prosa,
1040 1006 1099 1038 lib.
1120 1015 1143 1038 1.
1195 1005 1272 1037 Sur.
1298 1013 1366 1037 vll.
1390 1005 1578 1038 Novembr-

275 1062 430 1094 Maxima
447 1063 521 1106 ejus
541 1063 708 1095 claritudo
726 1073 746 1094 a
765 1062 873 1095 Paulo
899 1061 1122 1094 Warnefrido
1147 1065 1344 1093 recensetur
1370 1061 1407 1093 in
1433 1060 1578 1093 Chroni-

225 1128 285 1150 co:
307 1122 327 1135 ‘⁶
340 1116 525 1150 Elifandus
543 1117 733 1150 Toletanus
750 1118 929 1160 episcopus
946 1117 1116 1150 haeresim
1130 1117 1352 1154 excitaverat,
1371 1127 1440 1159 qua
1453 1126 1579 1148 assere-

227 1173 284 1205 bat
302 1183 378 1204 cum
398 1171 511 1203 Felice
528 1173 619 1204 socio
637 1172 747 1204 filium
760 1172 826 1204 Dei
840 1173 1042 1215 adoptivum
1056 1176 1205 1210 tantum,
1219 1182 1288 1204 non
1302 1172 1481 1214 proprium
1496 1182 1578 1208 esse,

225 1238 329 1270 quam
348 1226 515 1258 haeresim
533 1227 664 1269 synodo
681 1227 725 1258 ad
743 1227 990 1259 Francfurtum
1008 1227 1137 1260 indicta
1159 1227 1386 1269 reprobavere
1413 1226 1578 1259 Paulinus

225 1282 480 1326 Aquilegiensis
510 1281 718 1324 patriarcha,
746 1281 871 1314 Petrus
902 1281 1170 1314 Mediolanensis
1200 1281 1486 1324 archiepiscopus,
1517 1281 1578 1313 Al-

225 1338 346 1371 cuinus
365 1337 406 1369 de
424 1336 639 1374 Britannia‚’'
657 1347 748 1369 anno
768 1345 953 1369 DCCXCIV.

273 1393 399 1426 Obitus
417 1392 492 1436 ejus
511 1392 605 1424 varie
622 1391 792 1424 refertur:
819 1393 930 1434 placet
947 1392 1137 1430 Odoranni,
1153 1392 1312 1424 monachi
1327 1392 1361 1424 S.
1381 1392 1475 1425 Petri
1494 1392 1577 1425 Vivi

226 1448 442 1485 SenonensiS,
457 1447 628 1480 sententia
641 1448 678 1480 in
692 1446 855 1480 Chronici
870 1447 1065 1492 fragmento
1079 1456 1241 1480 Deceln.
1266 1451 1286 1466 ‘⁶
1300 1447 1396 1480 Obiit
1408 1446 1577 1480 Alcuinus

225 1503 450 1547 philosophus
468 1503 544 1535 abb.
564 1502 598 1535 S.
620 1503 779 1536 Martini.
822 1502 985 1545 Sepultus
1003 1503 1046 1535 ad
1064 1502 1100 1535 S.
1122 1503 1271 1535 Paulum
1288 1503 1330 1535 de
1348 1502 1576 1541 Cormariaco,

225 1560 317 1602 quod
334 1558 581 1591 monasterium
599 1559 635 1590 in
654 1559 763 1601 ipsius
781 1559 930 1602 gratiam
944 1558 1105 1591 fundavit
1120 1557 1264 1591 Carolus
1279 1558 1462 1602 Magnus.”
1489 1558 1578 1590 Mal-

228 1614 378 1647 mesbur.
397 1614 455 1646 lib.
476 1623 499 1646 1.
520 1613 654 1646 Histor.
674 1614 761 1658 Reg.
779 1614 885 1658 Angl.

271 1669 425 1703 Tantum
444 1674 478 1701 et
496 1670 599 1702 talem
618 1670 732 1702 virum
751 1681 820 1702 non
838 1670 939 1703 modo
956 1670 1114 1714 Anglum
1137 1671 1295 1703 nonnulli
1319 1670 1438 1708 fecere,
1462 1671 1520 1702 sed
1544 1676 1576 1702 et

224 1725 374 1763 Gallum,
400 1730 438 1757 ut
465 1725 502 1757 in
527 1724 698 1757 Chronico
724 1724 977 1758 Canonicorum
1005 1725 1232 1769 Regularium
1259 1726 1351 1768 apud
1377 1726 1576 1758 Zachariam

224 1781 446 1815 Vicentinum
473 1780 736 1813 Benedictinum
763 1791 804 1812 ex
830 1780 964 1813 Joanne
990 1782 1031 1813 de
1053 1780 1166 1825 Nigra
1187 1780 1297 1819 Valle,
1319 1781 1576 1813 bibliothecario

225 1837 420 1880 apostolico,
438 1836 474 1868 in
493 1835 685 1874 Chronicis,
705 1837 840 1880 epilogo
863 1844 951 1868 XIII.
978 1847 1050 1878 cap.
1071 1844 1187 1868 xv111.
1213 1835 1269 1868 Jo.
1296 1835 1478 1878 Philippus
1506 1835 1577 1867 No-

228 1892 392 1925 variensis
417 1891 475 1924 lib.
503 1899 539 1923 v.
566 1891 728 1924 Chronici
756 1902 827 1934 cap.
847 1900 900 1924 Vl.
952 1891 1018 1924 Sed
1036 1902 1116 1924 suos
1134 1892 1177 1924 ad
1195 1902 1230 1924 se
1248 1890 1361 1923 Gallia
1377 1890 1574 1934 Angliaque

227 1948 397 1985 admittat,
421 1951 482 1979 aut
499 1947 573 1990 lege
596 1947 740 1989 antiqua
764 1947 926 1984 vindicet,
945 1946 1078 1979 Scotiae
1096 1946 1215 1980 Scotos
1234 1947 1416 1989 relinquat.
1469 1945 1574 1978 Plura

228 2003 263 2035 in
281 2002 461 2045 Apparatu
478 2001 611 2035 Scotico
628 2012 706 2046 pag.
726 2010 805 2034 CLI.

688 2116 722 2146 S.
748 2114 1002 2148 ALFRICUS.
1056 2117 1110 2147 14.

227 2226 263 2258 S.
289 2225 504 2261 Ari-meus,
530 2224 708 2266 episcopus
733 2230 767 2258 et
793 2231 936 2269 martyr,
963 2228 1011 2260 ait
1036 2227 1186 2260 Joannes
1215 2238 1233 2259 a
1261 2227 1371 2270 Nigra
1401 2225 1499 2258 Valle
1525 2226 1574 2258 bi-

228 2280 469 2314 bliothecarius
516 2280 733 2322 apostolicus,
784 2282 913 2314 ordinis
963 2281 1326 2319 praemonstratensis,
1374 2282 1409 2314 in
1452 2280 1573 2321 Epito-

894 2344 919 2367 1)
