1861 2682
263 279 302 308 48
634 278 858 310 HISTORIA
882 278 1245 310 ECCLESIASTICA

264 370 300 401 in
321 380 424 412 opere
449 380 488 402 eo
513 380 583 402 non
608 371 711 401 semel
737 380 773 401 se
799 368 939 401 Scotum
965 369 1119 401 fatetur:
1145 369 1275 411 prodiit
1300 378 1385 411 opus
1411 369 1496 401 illud
1521 371 1615 412 typis

264 425 501 463 Frobenianis,
520 424 578 456 sed
596 434 665 456 non
683 428 734 456 est
751 428 790 456 ut
808 434 899 456 nunc
917 424 960 456 ad
978 434 1119 455 manum
1138 424 1244 455 codex
1259 433 1268 462 ;
1295 424 1475 456 laudatum
1499 428 1616 458 tamen

264 481 401 512 invenio
419 480 510 522 apud
528 479 705 517 Balaeum‚
724 480 782 511 sed
800 479 856 511 ille
874 490 962 517 eum,
981 483 1021 511 ut
1038 479 1166 511 multos
1182 478 1277 517 alios,
1292 489 1471 522 perperam
1491 478 1616 524 Anglis

262 536 378 568 donat.
430 535 566 567 Floruit
584 545 674 567 anno
694 543 786 566 DXC.

703 645 1057 685 ATQUANANUS.
1111 648 1167 682 77.

261 755 543 792 ATQUANANUS
573 766 664 788 unus
690 766 732 787 ex
761 756 938 798 discipulis
967 755 1000 789 S.
1033 756 1251 790 Columbani.
1314 757 1476 791 Meminit
1505 758 1613 792 Jonas

262 812 364 845 abbas
380 812 501 844 Scotus
516 812 552 844 in
566 810 650 843 Vita
664 811 817 854 ejusdem
832 822 859 843 c.
875 820 964 843 XIII.
985 816 1005 830 ‘⁵
1019 811 1178 850 Quatuor
1195 812 1324 857 insigni
1339 814 1504 858 religione
1518 814 1612 847 viros

260 878 321 909 per
353 872 503 909 quatuor
536 868 657 899 messis
690 867 834 910 angulos
869 867 1031 909 disponit,
1063 872 1149 910 puta
1182 867 1393 908 Cominium,
1429 868 1612 901 Eunocum

260 927 364 965 atque
390 922 642 965 Atquananum
672 933 714 954 ex
744 921 925 954 Scotorum
955 933 1090 966 genere,
1116 928 1291 966 quartum,
1318 923 1523 968 Gurganum
1554 935 1613 956 na-

260 979 352 1011 tione
374 978 585 1011 Britonem.”
636 977 709 1009 Nec
735 978 776 1009 de
802 978 861 1009 illo
886 978 997 1019 plura.
1048 977 1107 1010 An
1135 978 1266 1021 aliquid
1291 979 1478 1021 scripserit,
1502 979 1538 1011 in
1563 979 1614 1011 in-

260 1039 352 1067 certo
370 1038 432 1066 est.
483 1033 620 1066 Floruit
638 1044 728 1066 anno
747 1041 852 1065 DCVI.

716 1142 1042 1177 ALEXANDER.
1095 1147 1150 1180 78.

259 1255 522 1288 ALEXANDER
541 1255 715 1294 Stuartus,
739 1254 763 1287 J
765 1254 861 1287 acobi
882 1254 928 1286 II.
947 1265 1127 1297 pronepos,
1146 1254 1338 1287 Alexandri
1355 1254 1526 1288 Albaniae
1549 1257 1610 1288 du—

258 1312 305 1344 cis
324 1322 366 1343 ex
383 1312 518 1344 comitis
536 1311 711 1343 Orcadum
728 1310 799 1342 filia
816 1309 917 1346 filius,
941 1308 1085 1341 Parisiis
1108 1320 1185 1341 cum
1202 1314 1300 1352 patre
1318 1311 1416 1342 exule
1434 1311 1609 1349 educatus,

258 1378 296 1399 eo
320 1371 458 1399 mortuo
480 1367 516 1398 in
540 1366 689 1408 patriam
713 1365 827 1403 rediit,
851 1369 885 1396 et
903 1363 1031 1396 Sconae
1048 1364 1162 1402 abbas,
1182 1369 1256 1397 tum
1280 1365 1458 1397 Moraviae
1482 1367 1609 1407 episco-

257 1432 322 1464 pus
352 1426 497 1460 creatus,
529 1421 658 1465 insigni
688 1421 814 1463 pietate
845 1430 883 1452 ac
914 1420 1098 1461 prudentia
1128 1420 1303 1452 ecclesiam
1333 1430 1431 1452 suam
1463 1421 1609 1452 admini-

257 1477 393 1509 stravit.
443 1476 594 1509 Joannes
620 1475 783 1508 Leslaeus
809 1475 867 1508 lib.
887 1483 973 1507 V111.
998 1474 1133 1507 Histor.
1152 1475 1285 1508 Scotiae
1302 1485 1382 1519 pag.
1401 1483 1606 1507 cccxxvn.

257 1531 402 1574 Scripsit
602 1526 606 1529 ¹

401 1587 574 1620 Sorbonae
607 1587 756 1620 Laudes.
825 1586 949 1619 Oratio
983 1586 1120 1629 elegans
1154 1584 1314 1618 Lutetiae
1350 1585 1479 1628 prodiit
1512 1586 1605 1628 typis

449 1642 635 1675 Patissoni.

304 1697 449 1730 Sedebat
466 1708 556 1730 anno
576 1706 914 1730 MCCCCLxxxan

734 1808 872 1841 ANON
879 1808 1023 1841 YMUS.
1077 1810 1132 1844 79.

256 1919 489 1953 ANONYMUS
519 1921 583 1953 iste
615 1920 787 1962 reperitur
820 1920 910 1951 inter
942 1929 998 1951 eos
1032 1919 1092 1961 qui
1127 1918 1170 1950 ad
1203 1918 1238 1950 S.
1273 1917 1503 1957 Bonifacium,
1534 1920 1604 1961 pri-

255 1985 349 2006 mum
385 1975 589 2019 Moguntiae
623 1974 927 2016 archiepiscopum,
969 1984 1030 2006 seu
1071 1972 1304 2012 VVinfredum,
1345 1973 1462 2006 literas
1505 1974 1604 2007 dede-

256 2034 339 2062 runt
357 2031 455 2072 epist.
477 2039 561 2062 XLI.
587 2035 606 2048 “
624 2029 775 2061 Domino
799 2033 926 2066 sancto,
951 2028 1215 2071 sapientissimo,
1238 2027 1377 2061 Christo
1395 2029 1532 2071 quidem
1551 2041 1603 2062 ca-

255 2084 402 2122 rissimo,
420 2083 603 2123 Adhelmo,
629 2084 750 2116 Scotus
773 2083 882 2127 ignoti
906 2083 1055 2115 nominis
1079 2083 1115 2115 in
1132 2082 1207 2116 Deo
1224 2087 1400 2116 aeternam
1423 2083 1603 2116 salutem.”

255 2137 434 2181 Epistolae
459 2143 659 2172 contextum
685 2138 771 2171 inibi
797 2138 942 2181 require,
969 2149 1071 2181 quam
1098 2143 1290 2181 sequuntur
1320 2149 1440 2171 versus
1465 2138 1603 2171 Claudi-

255 2194 323 2231 ani,
349 2200 389 2226 ut
415 2195 490 2226 vult
516 2193 679 2226 Nicolaus
707 2192 874 2231 Serarius,
892 2203 1074 2236 suppresso
1099 2194 1258 2232 nomine3
1286 2195 1344 2227 sed
1369 2194 1453 2237 quid
1478 2194 1505 2225 si
1533 2204 1601 2226 non

254 2247 445 2287 Claudiani,
464 2249 524 2292 qui
542 2247 714 2281 Ethnicus
732 2248 860 2280 dicitur
877 2247 921 2279 D.
935 2248 1147 2292 Augustino,
1164 2248 1299 2287 Orosio,
1313 2248 1450 2287 Suidae‚
1466 2254 1500 2281 et
1513 2249 1599 2287 aliis,

254 2303 311 2335 sed
334 2304 442 2346 ipsius
465 2304 558 2336 illius
585 2302 677 2336 Scoti
704 2302 896 2346 anonymi?
947 2302 995 2335 Et
1017 2303 1116 2336 facile
1142 2304 1233 2336 credi
1257 2307 1369 2346 potest
1395 2301 1486 2335 Scoti
1508 2303 1600 2336 illius
