1861 2682
256 270 296 298 32
622 270 846 302 HISTORIA
871 270 1231 302 ECCLESIASTICA

259 369 346 394 CLV.
377 361 459 394 dixi.
494 361 749 404 Apocrisiarius
778 362 834 394 hic
867 361 934 394 fuit
970 361 1156 394 Theodosii
1192 361 1347 405 Augusti
1377 362 1540 405 junioris,
1575 369 1607 396 et

259 427 302 449 ex
326 428 366 450 ea
390 417 501 450 aulica
525 417 695 461 dignitate
720 418 763 450 ad
789 417 921 461 majora
946 421 1112 455 vocatus3
1140 427 1220 449 nam
1245 427 1323 449 cum
1347 416 1382 449 S.
1410 417 1609 457 Flavianus,

259 473 455 514 patriarcha
501 472 914 516 Constantinopolitanus,
962 472 997 504 in
1044 473 1176 515 synodo
1223 473 1436 515 praedatrice
1478 473 1610 516 Ephesi

259 536 367 560 XLIV.
394 528 593 561 vulneribus
618 527 739 562 fuisset
766 533 915 566 enectus,
939 527 1125 560 Anatolius
1149 528 1180 560 ei
1204 528 1377 566 successit,
1404 533 1438 561 et
1462 540 1505 561 ne
1530 530 1608 572 quis

257 583 298 615 de
320 584 474 628 legitima
496 583 570 627 ejus
594 588 763 626 potestate
786 584 944 616 dubitare
967 588 1092 626 posset,
1116 595 1137 616 a
1159 583 1285 616 Sancto
1308 583 1424 617 Leone
1444 584 1471 617 Ι.
1499 585 1609 627 ponti-

259 637 319 671 fice
347 638 593 681 pacificatorias
623 640 733 681 petiit,
770 639 847 671 fidei
881 650 963 672 suae
996 639 1165 671 rationem
1199 639 1354 678 reddens,
1388 644 1422 673 et
1456 640 1609 672 obtinere

259 695 461 736 promeruit.
513 694 591 737 Ipse
609 694 724 727 Sanct.
743 693 815 727 Leo
833 695 931 736 epist.
951 703 1018 727 XL.
1042 694 1215 728 Theodor.
1239 694 1364 728 Lector
1388 695 1527 728 Collect.
1552 696 1612 728 lib.

261 759 285 781 1.
337 748 386 781 Et
403 750 484 792 quia
502 749 742 793 Chrysaphius
760 749 948 789 eunuchus,
968 754 1002 782 et
1019 748 1219 788 Dioscurus,
1238 749 1451 793 Eutychiani
1472 751 1612 795 dogma-

258 806 303 837 tis
337 809 560 847 promotoreS,
595 815 674 837 eum
712 805 908 849 eligendum
947 809 1124 844 curarunt,
1162 806 1219 838 ille
1256 807 1387 849 synodo
1425 806 1613 839 Chalcedo-

258 871 300 893 ne
322 864 438 892 coacta
463 868 617 892 Dcxxx.
643 860 880 903 episcoporum
906 865 939 893 et
966 865 1116 903 patrum,
1142 861 1278 894 eosdem
1304 861 1516 894 damnandos
1541 863 1612 905 pri-

258 926 335 948 mus
347 916 530 948 consensit.
557 915 743 958 Nicephor.
758 916 816 948 lib.
834 924 899 948 XV.
916 915 1050 948 Histor.
1063 915 1263 949 Ecclesiast.
1276 927 1349 960 cap.
1363 926 1446 949 XVI.
1471 917 1519 950 Et
1531 919 1612 961 quia

259 970 483 1014 Eutychiani,
522 975 561 1004 ut
603 981 694 1003 nunc
736 971 962 1014 perditissimi
1004 972 1229 1010 Calvinistae,
1269 973 1437 1005 miracula
1478 978 1613 1015 expete-

258 1028 351 1066 bant,
381 1027 566 1060 Anatolius
596 1028 763 1061 miraculo
793 1028 942 1060 maxime
972 1027 1101 1071 insigni
1131 1038 1188 1060 eos
1217 1027 1399 1065 confudit;
1427 1039 1508 1060 nam
1534 1039 1611 1061 cum

259 1085 330 1126 ipse
356 1088 390 1116 et
415 1083 629 1127 Eutychiani
655 1084 808 1116 libellum
839 1094 920 1116 suae
950 1082 1173 1125 professionis
1203 1093 1307 1125 super
1336 1083 1371 1115 S.
1397 1082 1613 1126 Euphemiae

258 1140 404 1183 virginis
438 1140 600 1182 reliquias
634 1140 890 1182 imposuissent,
930 1138 1153 1181 custodiaque
1190 1139 1373 1182 utriusque
1410 1140 1520 1181 partis
1554 1140 1613 1172 ad-

258 1194 368 1227 hibita
398 1199 497 1233 esset,
525 1195 612 1228 liber
641 1194 798 1227 Anatolii
828 1195 866 1227 in
895 1195 1017 1227 dextra
1047 1204 1152 1226 manu
1178 1194 1335 1237 virginis,
1362 1195 1611 1227 haereticorum

258 1251 301 1282 ad
330 1250 432 1293 pedes
462 1250 636 1283 inventus.
702 1250 778 1283 Hoc
812 1250 935 1282 accidit
968 1248 1082 1280 idibus
1116 1247 1249 1291 Aprilis
1284 1260 1374 1282 anno
1409 1258 1514 1282 CDLI.
1550 1250 1614 1283 Zo-

261 1316 362 1338 naras
388 1311 471 1338 tom.
500 1315 557 1338 111.
585 1307 622 1338 in
648 1305 827 1338 Marciano
846 1304 908 1337 IV.
936 1303 986 1336 Et
1011 1304 1170 1346 quamvis
1196 1303 1310 1336 Sanct.
1338 1304 1410 1337 Leo
1436 1305 1507 1338 ΡΡ.
1534 1316 1612 1338 eum

258 1371 353 1393 sacra
391 1361 579 1403 apostolica
612 1360 834 1397 confirmarit,
870 1363 973 1402 atque
1007 1360 1079 1402 ipse
1113 1358 1354 1402 Eutychianos
1389 1361 1520 1404 synodo
1554 1361 1612 1393 illa

258 1416 409 1460 generali
427 1416 633 1454 damnasset,
651 1420 685 1448 et
706 1416 897 1447 maximum
921 1415 1125 1448 miraculum
1150 1420 1351 1457 cooperatus
1375 1421 1473 1454 esset,
1498 1421 1613 1449 tamen

258 1472 347 1504 male
360 1482 380 1503 a
394 1470 545 1503 Baronio
559 1471 656 1504 audit
670 1476 754 1504 tom.
769 1479 821 1502 VI.
840 1481 919 1514 pag.
935 1478 1101 1502 CCXXXI.
1137 1468 1277 1501 Scotum
1295 1469 1401 1503 fuisse
1419 1471 1561 1513 probavi
1576 1473 1612 1504 in

260 1526 444 1569 Apparatu
462 1537 541 1570 pag.
561 1534 679 1559 CXLV.
699 1530 733 1558 et
751 1525 875 1558 Salinis
894 1526 931 1557 in
950 1525 1157 1569 Burgundia
1180 1525 1323 1557 dioecesi
1348 1525 1542 1559 Vesuntino
1565 1528 1613 1560 sic

260 1582 427 1614 habetur:
447 1585 466 1599 ‘⁶
480 1581 514 1614 S.
529 1581 714 1614 Anatolius
729 1580 862 1619 Scotus,
881 1580 1156 1623 archiepiscopus
1176 1579 1614 1622 Constantinopolitanus.”

260 1637 454 1670 Admonuit
489 1637 544 1669 vir
569 1637 824 1669 illustrissimus
849 1636 894 1669 D.
921 1635 1140 1674 Metellanus,
1168 1636 1249 1668 baro
1274 1634 1506 1675 Lidintoniae,
1536 1648 1614 1670 can-

259 1693 386 1725 cellarii
411 1692 544 1726 Scotiae
567 1692 669 1730 filius,
693 1693 754 1735 qui
776 1692 952 1724 Bruxellis
977 1692 1109 1724 dulcem
1137 1691 1214 1723 fidei
1233 1691 1442 1722 orthodoxae
1460 1690 1611 1725 fructum

259 1748 414 1790 percipit,
433 1749 552 1790 procul
569 1747 612 1780 ab
629 1747 878 1780 haereticorum
897 1747 1028 1780 furiosa
1045 1746 1177 1779 malitia
1198 1746 1378 1788 sepositus.
1407 1745 1611 1780 Franciscus

260 1804 525 1836 Guillamannus
542 1803 600 1836 lib.
621 1812 662 1835 11.
682 1804 722 1835 de
741 1802 858 1835 Rebus
878 1802 1118 1834 Helvetiorum
1138 1811 1210 1843 cap.
1229 1808 1318 1832 XIII.
1339 1805 1358 1818 “
1372 1800 1406 1832 S.
1426 1800 1610 1834 Anatolius

260 1858 386 1891 Salinis
400 1859 554 1891 colitur.”
573 1859 766 1891 Paradinus
787 1859 822 1890 in
836 1857 1118 1900 Antiquitatibus
1132 1855 1365 1899 Burgundicis
1379 1865 1386 1888 :
1406 1860 1425 1874 ‘⁶
1441 1855 1611 1899 Tempore

261 1915 417 1947 Lotharii
437 1914 499 1946 IV.
518 1915 619 1958 regis,
639 1925 698 1956 per
716 1915 846 1957 legatos
861 1912 1195 1953 Constantinopolim
1211 1911 1254 1942 ab
1268 1921 1307 1943 eo
1321 1911 1453 1949 missos,
1469 1914 1612 1945 transla-

262 1975 334 2001 tum
364 1969 430 2001 fuit
456 1970 644 2011 pretiosum
671 1979 793 2010 corpus
820 1968 854 2000 S.
881 1967 1061 1999 Anatholii
1087 1966 1313 2009 patriarchae,
1339 1977 1441 2009 quem
1467 1966 1607 2000 Scotum

262 2023 426 2056 faciunt.''
466 2024 598 2056 Locum
613 2024 656 2056 ad
670 2034 724 2055 me
738 2023 831 2055 misit
848 2023 891 2055 R.
906 2022 946 2054 P.
961 2021 1130 2065 Georgius
1145 2021 1307 2054 Leslaeus
1321 2021 1527 2064 Capucinus,
1541 2023 1610 2055 dic-

263 2086 319 2112 tus
346 2078 597 2123 Archangelus,
625 2079 709 2110 civis
735 2089 842 2116 meus,
869 2082 903 2110 et
926 2077 1172 2109 disertissimus
1191 2077 1419 2115 concionator,
1442 2079 1611 2121 generalis

261 2135 382 2167 socius.
434 2134 578 2176 Scripsit
595 2133 780 2166 Anatolius

408 2189 538 2222 Contra
555 2188 793 2231 Eutychianos
1125 2187 1183 2220 lib.
1204 2196 1227 2220 1.

406 2245 464 2278 Ad
483 2244 738 2277 sanctissimum
756 2243 906 2276 Leonem
926 2243 1056 2286 Papam
1126 2243 1184 2276 lib.
1204 2252 1228 2276 1.

406 2300 463 2334 Ad
505 2299 682 2344 Synodum
720 2299 981 2332 Oecumenicam
1021 2298 1342 2337 Chalcedonensem,
1382 2302 1498 2332 contra
1538 2298 1611 2332 Eu-
