<?xml version="1.0" encoding="UTF-8"?>
<!DOCTYPE html PUBLIC "-//W3C//DTD XHTML 1.0 Transitional//EN"
    "http://www.w3.org/TR/xhtml1/DTD/xhtml1-transitional.dtd">
<html xmlns="http://www.w3.org/1999/xhtml" xml:lang="en" lang="en">
 <head>
  <title>
</title>
<meta http-equiv="Content-Type" content="text/html;charset=utf-8" />
  <meta name='ocr-system' content='tesseract 3.04.00' />
  <meta name='ocr-capabilities' content='ocr_page ocr_carea ocr_par ocr_line ocrx_word'/>
</head>
<body>
  <div class='ocr_page' id='page_1' title='image "./thomaedempsterih00bann_0126.png"; bbox 0 0 1861 2682; ppageno 0'>
   <div class='ocr_carea' id='block_1_1' title="bbox 237 267 1220 300">
    <p class='ocr_par' dir='ltr' id='par_1_1' title="bbox 237 267 1220 300">
     <span class='ocr_line' id='line_1_1' title="bbox 237 267 1220 300; baseline 0 -2"><span class='ocrx_word' id='word_1_1' title='bbox 237 269 277 299; x_wconf 87' lang='grc'><strong>56</strong></span> <span class='ocrx_word' id='word_1_2' title='bbox 608 268 833 300; x_wconf 82' lang='lat' dir='ltr'>HISTORIA</span> <span class='ocrx_word' id='word_1_3' title='bbox 856 267 1220 300; x_wconf 87' lang='lat' dir='ltr'><strong>ECCLESIASTICA</strong></span> 
     </span>
    </p>
   </div>
   <div class='ocr_carea' id='block_1_2' title="bbox 244 358 1593 513">
    <p class='ocr_par' dir='ltr' id='par_1_2' title="bbox 244 358 1593 513">
     <span class='ocr_line' id='line_1_2' title="bbox 385 358 1256 403; baseline -0.003 -10"><span class='ocrx_word' id='word_1_4' title='bbox 385 360 666 403; x_wconf 87' lang='lat' dir='ltr'><strong>Deplorationem</strong></span> <span class='ocrx_word' id='word_1_5' title='bbox 685 359 819 392; x_wconf 87' lang='lat' dir='ltr'><strong>Scotiae</strong></span> <span class='ocrx_word' id='word_1_6' title='bbox 1151 358 1210 391; x_wconf 91' lang='lat' dir='ltr'><strong>lib.</strong></span> <span class='ocrx_word' id='word_1_7' title='bbox 1231 366 1256 390; x_wconf 85' lang='grc' dir='ltr'><strong>Ι.</strong></span> 
     </span>
     <span class='ocr_line' id='line_1_3' title="bbox 292 412 1593 457; baseline -0.004 -8"><span class='ocrx_word' id='word_1_8' title='bbox 292 416 389 449; x_wconf 87' lang='lat' dir='ltr'>Obiit</span> <span class='ocrx_word' id='word_1_9' title='bbox 414 416 450 448; x_wconf 91' lang='lat' dir='ltr'><strong>in</strong></span> <span class='ocrx_word' id='word_1_10' title='bbox 476 419 688 448; x_wconf 87' lang='lat' dir='ltr'><strong>tentamento</strong></span> <span class='ocrx_word' id='word_1_11' title='bbox 713 425 774 447; x_wconf 90' lang='lat' dir='ltr'><strong>seu</strong></span> <span class='ocrx_word' id='word_1_12' title='bbox 799 413 983 452; x_wconf 86' lang='lat' dir='ltr'><strong>novitiatu,</strong></span> <span class='ocrx_word' id='word_1_13' title='bbox 1008 417 1049 446; x_wconf 89' lang='lat' dir='ltr'><strong>ut</strong></span> <span class='ocrx_word' id='word_1_14' title='bbox 1073 418 1209 451; x_wconf 86' lang='lat' dir='ltr'><strong>vocant,</strong></span> <span class='ocrx_word' id='word_1_15' title='bbox 1237 412 1393 457; x_wconf 87' lang='lat' dir='ltr'><strong>ejusdem</strong></span> <span class='ocrx_word' id='word_1_16' title='bbox 1419 412 1593 446; x_wconf 83' lang='lat' dir='ltr'><strong>societatis</strong></span> 
     </span>
     <span class='ocr_line' id='line_1_4' title="bbox 244 469 1043 513; baseline -0.004 -9"><span class='ocrx_word' id='word_1_17' title='bbox 244 482 334 505; x_wconf 85' lang='lat' dir='ltr'><strong>anno</strong></span> <span class='ocrx_word' id='word_1_18' title='bbox 354 479 526 504; x_wconf 78' lang='lat' dir='ltr'>MDXCIX-</span> <span class='ocrx_word' id='word_1_19' title='bbox 545 481 607 503; x_wconf 90' lang='lat' dir='ltr'><strong>nec</strong></span> <span class='ocrx_word' id='word_1_20' title='bbox 624 471 698 503; x_wconf 87' lang='lat' dir='ltr'><strong>sine</strong></span> <span class='ocrx_word' id='word_1_21' title='bbox 715 470 853 513; x_wconf 90' lang='lat' dir='ltr'><strong>pietatis</strong></span> <span class='ocrx_word' id='word_1_22' title='bbox 871 469 1043 512; x_wconf 89' lang='lat' dir='ltr'><strong>opinione.</strong></span> 
     </span>
    </p>
   </div>
   <div class='ocr_carea' id='block_1_3' title="bbox 618 578 1210 616">
    <p class='ocr_par' dir='ltr' id='par_1_3' title="bbox 618 578 1210 616">
     <span class='ocr_line' id='line_1_5' title="bbox 618 578 1210 616; baseline -0.002 -2"><span class='ocrx_word' id='word_1_23' title='bbox 618 579 896 614; x_wconf 89' lang='lat' dir='ltr'>ANONYMUS</span> <span class='ocrx_word' id='word_1_24' title='bbox 922 578 1101 612; x_wconf 89' lang='grc' dir='ltr'><strong>ΡΟΕΤΑ.</strong></span> <span class='ocrx_word' id='word_1_25' title='bbox 1152 581 1210 616; x_wconf 90' lang='grc'><strong>95.</strong></span> 
     </span>
    </p>
   </div>
   <div class='ocr_carea' id='block_1_4' title="bbox 243 690 1597 1225">
    <p class='ocr_par' dir='ltr' id='par_1_4' title="bbox 243 690 1597 1225">
     <span class='ocr_line' id='line_1_6' title="bbox 243 690 1593 736; baseline -0.002 -10"><span class='ocrx_word' id='word_1_26' title='bbox 243 693 301 726; x_wconf 82' lang='lat' dir='ltr'><strong>ET</strong></span> <span class='ocrx_word' id='word_1_27' title='bbox 326 693 381 726; x_wconf 90' lang='lat' dir='ltr'><strong>hic</strong></span> <span class='ocrx_word' id='word_1_28' title='bbox 403 702 596 736; x_wconf 83' lang='lat' dir='ltr'>anonymus</span> <span class='ocrx_word' id='word_1_29' title='bbox 619 692 761 734; x_wconf 90' lang='lat' dir='ltr'><strong>quidam</strong></span> <span class='ocrx_word' id='word_1_30' title='bbox 785 691 917 729; x_wconf 85' lang='lat' dir='ltr'><strong>Scotus,</strong></span> <span class='ocrx_word' id='word_1_31' title='bbox 942 695 1043 733; x_wconf 87' lang='lat' dir='ltr'><strong>poeta</strong></span> <span class='ocrx_word' id='word_1_32' title='bbox 1066 690 1333 734; x_wconf 84' lang='lat' dir='ltr'>haudquaquam</span> <span class='ocrx_word' id='word_1_33' title='bbox 1359 690 1533 735; x_wconf 86' lang='lat' dir='ltr'><strong>ignobilis,</strong></span> <span class='ocrx_word' id='word_1_34' title='bbox 1559 690 1593 723; x_wconf 84' lang='lat' dir='ltr'><strong>S.</strong></span> 
     </span>
     <span class='ocr_line' id='line_1_7' title="bbox 243 745 1595 789; baseline -0.003 -7"><span class='ocrx_word' id='word_1_35' title='bbox 243 749 333 782; x_wconf 89' lang='lat' dir='ltr'><strong>Galli</strong></span> <span class='ocrx_word' id='word_1_36' title='bbox 351 748 538 781; x_wconf 84' lang='lat' dir='ltr'><strong>monachus</strong></span> <span class='ocrx_word' id='word_1_37' title='bbox 555 748 592 779; x_wconf 89' lang='lat' dir='ltr'><strong>in</strong></span> <span class='ocrx_word' id='word_1_38' title='bbox 611 746 793 785; x_wconf 87' lang='lat' dir='ltr'><strong>Helvetiis,</strong></span> <span class='ocrx_word' id='word_1_39' title='bbox 812 750 957 789; x_wconf 83' lang='lat' dir='ltr'><strong>putatur</strong></span> <span class='ocrx_word' id='word_1_40' title='bbox 982 745 1235 784; x_wconf 88' lang='lat' dir='ltr'><strong>Hartmannus‚</strong></span> <span class='ocrx_word' id='word_1_41' title='bbox 1259 750 1299 779; x_wconf 91' lang='lat' dir='ltr'><strong>ut</strong></span> <span class='ocrx_word' id='word_1_42' title='bbox 1322 756 1384 779; x_wconf 90' lang='lat' dir='ltr'><strong>suo</strong></span> <span class='ocrx_word' id='word_1_43' title='bbox 1408 746 1481 779; x_wconf 87' lang='lat' dir='ltr'><strong>loco</strong></span> <span class='ocrx_word' id='word_1_44' title='bbox 1505 745 1595 778; x_wconf 83' lang='lat' dir='ltr'><strong>infra</strong></span> 
     </span>
     <span class='ocr_line' id='line_1_8' title="bbox 245 801 1388 846; baseline -0.003 -9"><span class='ocrx_word' id='word_1_45' title='bbox 245 805 387 837; x_wconf 87' lang='lat' dir='ltr'><strong>dicetur.</strong></span> <span class='ocrx_word' id='word_1_46' title='bbox 438 802 527 836; x_wconf 84' lang='lat' dir='ltr'>Erat</span> <span class='ocrx_word' id='word_1_47' title='bbox 544 802 600 834; x_wconf 85' lang='lat' dir='ltr'><strong>hic</strong></span> <span class='ocrx_word' id='word_1_48' title='bbox 617 801 823 834; x_wconf 84' lang='lat' dir='ltr'><strong>columbani</strong></span> <span class='ocrx_word' id='word_1_49' title='bbox 841 801 1042 844; x_wconf 85' lang='lat' dir='ltr'><strong>discipulus,</strong></span> <span class='ocrx_word' id='word_1_50' title='bbox 1059 806 1100 834; x_wconf 92' lang='lat' dir='ltr'><strong>ut</strong></span> <span class='ocrx_word' id='word_1_51' title='bbox 1118 801 1191 844; x_wconf 90' lang='lat' dir='ltr'><strong>ipse</strong></span> <span class='ocrx_word' id='word_1_52' title='bbox 1209 801 1365 846; x_wconf 86' lang='lat' dir='ltr'><strong>agnoscit</strong></span> <span class='ocrx_word' id='word_1_53' title='bbox 1380 811 1388 833; x_wconf 89' lang='lat'>:</span> 
     </span>
     <span class='ocr_line' id='line_1_9' title="bbox 536 870 1273 908; baseline -0.003 -10"><span class='ocrx_word' id='word_1_54' title='bbox 536 871 605 898; x_wconf 90' lang='lat' dir='ltr'><strong>Inde</strong></span> <span class='ocrx_word' id='word_1_55' title='bbox 620 870 819 902; x_wconf 80' lang='lat' dir='ltr'><strong>columbanus,</strong></span> <span class='ocrx_word' id='word_1_56' title='bbox 834 875 927 898; x_wconf 85' lang='lat' dir='ltr'><strong>noster</strong></span> <span class='ocrx_word' id='word_1_57' title='bbox 941 875 1020 908; x_wconf 87' lang='lat' dir='ltr'><strong>pater</strong></span> <span class='ocrx_word' id='word_1_58' title='bbox 1034 875 1118 907; x_wconf 84' lang='lat' dir='ltr'><strong>atque</strong></span> <span class='ocrx_word' id='word_1_59' title='bbox 1131 870 1273 907; x_wconf 83' lang='lat' dir='ltr'><strong>magister,</strong></span> 
     </span>
     <span class='ocr_line' id='line_1_10' title="bbox 571 916 1060 954; baseline -0.002 -10"><span class='ocrx_word' id='word_1_60' title='bbox 571 916 693 954; x_wconf 82' lang='lat' dir='ltr'>Alpibus</span> <span class='ocrx_word' id='word_1_61' title='bbox 707 916 832 944; x_wconf 82' lang='lat' dir='ltr'>excursis</span> <span class='ocrx_word' id='word_1_62' title='bbox 846 916 984 953; x_wconf 83' lang='lat' dir='ltr'><strong>aeriisque</strong></span> <span class='ocrx_word' id='word_1_63' title='bbox 998 916 1060 948; x_wconf 86' lang='lat' dir='ltr'><strong>viis,</strong></span> 
     </span>
     <span class='ocr_line' id='line_1_11' title="bbox 534 961 846 998; baseline -0.003 -8"><span class='ocrx_word' id='word_1_64' title='bbox 534 962 592 990; x_wconf 89' lang='lat' dir='ltr'><strong>Hic</strong></span> <span class='ocrx_word' id='word_1_65' title='bbox 605 961 694 989; x_wconf 89' lang='lat' dir='ltr'><strong>aderit</strong></span> <span class='ocrx_word' id='word_1_66' title='bbox 709 970 846 998; x_wconf 83' lang='lat' dir='ltr'>praesens.</span> 
     </span>
     <span class='ocr_line' id='line_1_12' title="bbox 291 1023 1354 1070; baseline -0.004 -10"><span class='ocrx_word' id='word_1_67' title='bbox 291 1027 427 1070; x_wconf 85' lang='lat' dir='ltr'>Scripta</span> <span class='ocrx_word' id='word_1_68' title='bbox 443 1027 518 1070; x_wconf 88' lang='lat' dir='ltr'><strong>ejus</strong></span> <span class='ocrx_word' id='word_1_69' title='bbox 535 1036 647 1069; x_wconf 89' lang='lat' dir='ltr'>nuper</span> <span class='ocrx_word' id='word_1_70' title='bbox 665 1024 839 1058; x_wconf 86' lang='lat' dir='ltr'><strong>Henricus</strong></span> <span class='ocrx_word' id='word_1_71' title='bbox 858 1025 1030 1064; x_wconf 90' lang='lat' dir='ltr'><strong>Canisius,</strong></span> <span class='ocrx_word' id='word_1_72' title='bbox 1048 1033 1085 1057; x_wconf 83' lang='lat' dir='ltr'><strong>V.</strong></span> <span class='ocrx_word' id='word_1_73' title='bbox 1104 1033 1136 1058; x_wconf 88' lang='lat' dir='ltr'><strong>c.</strong></span> <span class='ocrx_word' id='word_1_74' title='bbox 1153 1023 1354 1067; x_wconf 89' lang='lat' dir='ltr'><strong>publicavit.</strong></span> 
     </span>
     <span class='ocr_line' id='line_1_13' title="bbox 291 1078 1597 1124; baseline -0.001 -9"><span class='ocrx_word' id='word_1_75' title='bbox 291 1082 453 1115; x_wconf 86' lang='lat' dir='ltr'><strong>Florebat</strong></span> <span class='ocrx_word' id='word_1_76' title='bbox 482 1082 572 1114; x_wconf 86' lang='lat' dir='ltr'><strong>circa</strong></span> <span class='ocrx_word' id='word_1_77' title='bbox 603 1091 733 1114; x_wconf 89' lang='lat' dir='ltr'><strong>annum</strong></span> <span class='ocrx_word' id='word_1_78' title='bbox 762 1088 1003 1113; x_wconf 76' lang='lat' dir='ltr'><strong>Decccxcrx.</strong></span> <span class='ocrx_word' id='word_1_79' title='bbox 1032 1090 1113 1112; x_wconf 90' lang='lat' dir='ltr'><strong>nam</strong></span> <span class='ocrx_word' id='word_1_80' title='bbox 1139 1079 1329 1124; x_wconf 85' lang='lat' dir='ltr'><strong>interregni</strong></span> <span class='ocrx_word' id='word_1_81' title='bbox 1355 1078 1445 1112; x_wconf 86' lang='lat' dir='ltr'><strong>inter</strong></span> <span class='ocrx_word' id='word_1_82' title='bbox 1471 1079 1597 1114; x_wconf 88' lang='lat' dir='ltr'><strong>Henri-</strong></span> 
     </span>
     <span class='ocr_line' id='line_1_14' title="bbox 244 1134 1593 1180; baseline -0.001 -10"><span class='ocrx_word' id='word_1_83' title='bbox 244 1148 321 1170; x_wconf 85' lang='lat' dir='ltr'><strong>cum</strong></span> <span class='ocrx_word' id='word_1_84' title='bbox 348 1136 396 1169; x_wconf 91' lang='grc' dir='ltr'><strong>ΙΙ.</strong></span> <span class='ocrx_word' id='word_1_85' title='bbox 422 1137 664 1180; x_wconf 84' lang='lat' dir='ltr'><strong>imperatorem</strong></span> <span class='ocrx_word' id='word_1_86' title='bbox 690 1140 725 1169; x_wconf 88' lang='lat' dir='ltr'><strong>et</strong></span> <span class='ocrx_word' id='word_1_87' title='bbox 752 1135 903 1169; x_wconf 88' lang='lat' dir='ltr'><strong>Conradi</strong></span> <span class='ocrx_word' id='word_1_88' title='bbox 927 1135 974 1168; x_wconf 91' lang='grc' dir='ltr'><strong>ΙΙ.</strong></span> <span class='ocrx_word' id='word_1_89' title='bbox 999 1135 1232 1179; x_wconf 83' lang='lat' dir='ltr'>principatum</span> <span class='ocrx_word' id='word_1_90' title='bbox 1258 1134 1426 1175; x_wconf 85' lang='lat' dir='ltr'><strong>meminit,</strong></span> <span class='ocrx_word' id='word_1_91' title='bbox 1456 1136 1593 1169; x_wconf 87' lang='lat' dir='ltr'><strong>sedente</strong></span> 
     </span>
     <span class='ocr_line' id='line_1_15' title="bbox 245 1191 646 1225; baseline -0.002 0"><span class='ocrx_word' id='word_1_92' title='bbox 245 1193 375 1225; x_wconf 89' lang='lat' dir='ltr'><strong>Romae</strong></span> <span class='ocrx_word' id='word_1_93' title='bbox 392 1191 526 1225; x_wconf 86' lang='lat' dir='ltr'><strong>Joanne</strong></span> <span class='ocrx_word' id='word_1_94' title='bbox 543 1191 646 1225; x_wconf 89' lang='lat' dir='ltr'>XIX.</span> 
     </span>
    </p>
   </div>
   <div class='ocr_carea' id='block_1_5' title="bbox 697 1301 1141 1340">
    <p class='ocr_par' dir='ltr' id='par_1_5' title="bbox 697 1301 1141 1340">
     <span class='ocr_line' id='line_1_16' title="bbox 697 1301 1141 1340; baseline -0.002 -4"><span class='ocrx_word' id='word_1_95' title='bbox 697 1303 732 1337; x_wconf 88' lang='lat' dir='ltr'><strong>S.</strong></span> <span class='ocrx_word' id='word_1_96' title='bbox 758 1302 1033 1336; x_wconf 87' lang='lat' dir='ltr'><strong>ALFREDUS.</strong></span> <span class='ocrx_word' id='word_1_97' title='bbox 1084 1301 1141 1340; x_wconf 88' lang='grc'><strong>96.</strong></span> 
     </span>
    </p>
   </div>
   <div class='ocr_carea' id='block_1_6' title="bbox 244 1413 1599 1891">
    <p class='ocr_par' dir='ltr' id='par_1_6' title="bbox 244 1413 1599 1791">
     <span class='ocr_line' id='line_1_17' title="bbox 244 1413 1599 1459; baseline -0.001 -11"><span class='ocrx_word' id='word_1_98' title='bbox 244 1416 278 1449; x_wconf 82' lang='lat' dir='ltr'><strong>S.</strong></span> <span class='ocrx_word' id='word_1_99' title='bbox 314 1415 544 1453; x_wconf 76' lang='lat' dir='ltr'><strong>ALFREDUS,</strong></span> <span class='ocrx_word' id='word_1_100' title='bbox 580 1414 671 1448; x_wconf 84' lang='lat' dir='ltr'><strong>filius</strong></span> <span class='ocrx_word' id='word_1_101' title='bbox 705 1415 844 1458; x_wconf 90' lang='lat' dir='ltr'><strong>spurius</strong></span> <span class='ocrx_word' id='word_1_102' title='bbox 879 1414 989 1448; x_wconf 90' lang='lat' dir='ltr'><strong>Oswii</strong></span> <span class='ocrx_word' id='word_1_103' title='bbox 1028 1414 1120 1459; x_wconf 86' lang='lat' dir='ltr'><strong>regis</strong></span> <span class='ocrx_word' id='word_1_104' title='bbox 1158 1413 1517 1458; x_wconf 88' lang='lat' dir='ltr'><strong>Nordanymbrorum,</strong></span> <span class='ocrx_word' id='word_1_105' title='bbox 1556 1414 1599 1446; x_wconf 85' lang='lat' dir='ltr'><strong>ab</strong></span> 
     </span>
     <span class='ocr_line' id='line_1_18' title="bbox 244 1469 1598 1516; baseline -0.002 -12"><span class='ocrx_word' id='word_1_106' title='bbox 244 1471 392 1516; x_wconf 87' lang='lat' dir='ltr'><strong>ngrido</strong></span> <span class='ocrx_word' id='word_1_107' title='bbox 420 1471 527 1504; x_wconf 86' lang='lat' dir='ltr'><strong>fratre</strong></span> <span class='ocrx_word' id='word_1_108' title='bbox 558 1471 678 1513; x_wconf 90' lang='lat' dir='ltr'><strong>pulsus</strong></span> <span class='ocrx_word' id='word_1_109' title='bbox 708 1471 745 1503; x_wconf 90' lang='lat' dir='ltr'><strong>in</strong></span> <span class='ocrx_word' id='word_1_110' title='bbox 775 1470 925 1504; x_wconf 84' lang='lat' dir='ltr'><strong>Scotiam</strong></span> <span class='ocrx_word' id='word_1_111' title='bbox 955 1470 1061 1509; x_wconf 89' lang='lat' dir='ltr'><strong>venit,</strong></span> <span class='ocrx_word' id='word_1_112' title='bbox 1093 1470 1209 1513; x_wconf 91' lang='lat' dir='ltr'><strong>ibique</strong></span> <span class='ocrx_word' id='word_1_113' title='bbox 1239 1470 1319 1502; x_wconf 85' lang='lat' dir='ltr'><strong>exul</strong></span> <span class='ocrx_word' id='word_1_114' title='bbox 1348 1469 1469 1502; x_wconf 84' lang='lat' dir='ltr'><strong>multis</strong></span> <span class='ocrx_word' id='word_1_115' title='bbox 1498 1469 1598 1501; x_wconf 84' lang='lat' dir='ltr'><strong>annis</strong></span> 
     </span>
     <span class='ocr_line' id='line_1_19' title="bbox 244 1524 1597 1571; baseline -0.001 -12"><span class='ocrx_word' id='word_1_116' title='bbox 244 1527 336 1571; x_wconf 84' lang='lat' dir='ltr'><strong>egit3</strong></span> <span class='ocrx_word' id='word_1_117' title='bbox 373 1527 542 1559; x_wconf 82' lang='lat' dir='ltr'><strong>exstincto</strong></span> <span class='ocrx_word' id='word_1_118' title='bbox 568 1525 675 1559; x_wconf 87' lang='lat' dir='ltr'><strong>fratre</strong></span> <span class='ocrx_word' id='word_1_119' title='bbox 702 1537 763 1559; x_wconf 85' lang='lat' dir='ltr'><strong>rex</strong></span> <span class='ocrx_word' id='word_1_120' title='bbox 793 1530 987 1564; x_wconf 85' lang='lat' dir='ltr'><strong>coronatus,</strong></span> <span class='ocrx_word' id='word_1_121' title='bbox 1017 1525 1127 1569; x_wconf 90' lang='lat' dir='ltr'><strong>pluris</strong></span> <span class='ocrx_word' id='word_1_122' title='bbox 1158 1525 1239 1558; x_wconf 86' lang='lat' dir='ltr'><strong>fecit</strong></span> <span class='ocrx_word' id='word_1_123' title='bbox 1268 1525 1463 1570; x_wconf 85' lang='lat' dir='ltr'><strong>religiosam</strong></span> <span class='ocrx_word' id='word_1_124' title='bbox 1490 1524 1597 1558; x_wconf 83' lang='lat' dir='ltr'><strong>vitam</strong></span> 
     </span>
     <span class='ocr_line' id='line_1_20' title="bbox 244 1579 1598 1626; baseline -0.002 -12"><span class='ocrx_word' id='word_1_125' title='bbox 244 1593 360 1626; x_wconf 83' lang='lat' dir='ltr'><strong>regno,</strong></span> <span class='ocrx_word' id='word_1_126' title='bbox 390 1587 424 1614; x_wconf 90' lang='lat' dir='ltr'><strong>et</strong></span> <span class='ocrx_word' id='word_1_127' title='bbox 452 1582 488 1614; x_wconf 90' lang='lat' dir='ltr'><strong>in</strong></span> <span class='ocrx_word' id='word_1_128' title='bbox 519 1581 670 1614; x_wconf 85' lang='lat' dir='ltr'><strong>Scotiam</strong></span> <span class='ocrx_word' id='word_1_129' title='bbox 700 1592 888 1626; x_wconf 86' lang='lat' dir='ltr'><strong>regressus,</strong></span> <span class='ocrx_word' id='word_1_130' title='bbox 916 1581 1122 1614; x_wconf 84' lang='lat' dir='ltr'><strong>monachum</strong></span> <span class='ocrx_word' id='word_1_131' title='bbox 1149 1579 1332 1614; x_wconf 85' lang='lat' dir='ltr'><strong>Melrosiae</strong></span> <span class='ocrx_word' id='word_1_132' title='bbox 1358 1580 1482 1618; x_wconf 88' lang='lat' dir='ltr'><strong>induit,</strong></span> <span class='ocrx_word' id='word_1_133' title='bbox 1509 1590 1598 1612; x_wconf 88' lang='lat' dir='ltr'><strong>com-</strong></span> 
     </span>
     <span class='ocr_line' id='line_1_21' title="bbox 244 1635 1595 1680; baseline -0.001 -11"><span class='ocrx_word' id='word_1_134' title='bbox 244 1638 340 1670; x_wconf 87' lang='lat' dir='ltr'><strong>muni</strong></span> <span class='ocrx_word' id='word_1_135' title='bbox 370 1648 410 1670; x_wconf 88' lang='lat' dir='ltr'><strong>eo</strong></span> <span class='ocrx_word' id='word_1_136' title='bbox 445 1638 559 1670; x_wconf 88' lang='lat' dir='ltr'><strong>seculo</strong></span> <span class='ocrx_word' id='word_1_137' title='bbox 595 1637 773 1670; x_wconf 88' lang='lat' dir='ltr'><strong>literarum</strong></span> <span class='ocrx_word' id='word_1_138' title='bbox 805 1637 969 1680; x_wconf 83' lang='lat' dir='ltr'><strong>emporio,</strong></span> <span class='ocrx_word' id='word_1_139' title='bbox 997 1636 1124 1680; x_wconf 90' lang='lat' dir='ltr'><strong>Anglis</strong></span> <span class='ocrx_word' id='word_1_140' title='bbox 1155 1635 1388 1680; x_wconf 70' lang='lat' dir='ltr'><strong>Hiber-nisque</strong></span> <span class='ocrx_word' id='word_1_141' title='bbox 1418 1646 1494 1668; x_wconf 89' lang='lat' dir='ltr'><strong>cum</strong></span> <span class='ocrx_word' id='word_1_142' title='bbox 1525 1635 1595 1668; x_wconf 83' lang='lat' dir='ltr'><strong>fru-</strong></span> 
     </span>
     <span class='ocr_line' id='line_1_22' title="bbox 245 1691 1596 1735; baseline -0.001 -10"><span class='ocrx_word' id='word_1_143' title='bbox 245 1697 302 1725; x_wconf 73' lang='lat' dir='ltr'><strong>ctu</strong></span> <span class='ocrx_word' id='word_1_144' title='bbox 320 1699 449 1735; x_wconf 82' lang='lat' dir='ltr'><strong>aperto.</strong></span> <span class='ocrx_word' id='word_1_145' title='bbox 501 1692 585 1726; x_wconf 86' lang='lat' dir='ltr'><strong>Fuit</strong></span> <span class='ocrx_word' id='word_1_146' title='bbox 602 1693 772 1731; x_wconf 84' lang='lat' dir='ltr'><strong>literatus,</strong></span> <span class='ocrx_word' id='word_1_147' title='bbox 798 1697 832 1726; x_wconf 90' lang='lat' dir='ltr'><strong>et</strong></span> <span class='ocrx_word' id='word_1_148' title='bbox 849 1693 1065 1725; x_wconf 85' lang='lat' dir='ltr'><strong>literatorum</strong></span> <span class='ocrx_word' id='word_1_149' title='bbox 1092 1691 1270 1725; x_wconf 88' lang='lat' dir='ltr'><strong>hominum</strong></span> <span class='ocrx_word' id='word_1_150' title='bbox 1298 1691 1480 1724; x_wconf 86' lang='lat' dir='ltr'><strong>Maecenas</strong></span> <span class='ocrx_word' id='word_1_151' title='bbox 1508 1691 1596 1733; x_wconf 87' lang='lat' dir='ltr'><strong>opti-</strong></span> 
     </span>
     <span class='ocr_line' id='line_1_23' title="bbox 245 1746 919 1791; baseline 0 -11"><span class='ocrx_word' id='word_1_152' title='bbox 245 1758 332 1785; x_wconf 87' lang='lat' dir='ltr'><strong>mus,</strong></span> <span class='ocrx_word' id='word_1_153' title='bbox 351 1753 391 1781; x_wconf 89' lang='lat' dir='ltr'><strong>ut</strong></span> <span class='ocrx_word' id='word_1_154' title='bbox 408 1748 504 1780; x_wconf 88' lang='lat' dir='ltr'><strong>Beda</strong></span> <span class='ocrx_word' id='word_1_155' title='bbox 519 1748 684 1791; x_wconf 84' lang='lat' dir='ltr'><strong>loquitur.</strong></span> <span class='ocrx_word' id='word_1_156' title='bbox 737 1746 919 1791; x_wconf 87' lang='lat' dir='ltr'><strong>[Scripsit]</strong></span> 
     </span>
    </p>

    <p class='ocr_par' dir='ltr' id='par_1_7' title="bbox 389 1802 1262 1846">
     <span class='ocr_line' id='line_1_24' title="bbox 389 1802 1262 1846; baseline 0 -10"><span class='ocrx_word' id='word_1_157' title='bbox 389 1802 566 1846; x_wconf 86' lang='lat' dir='ltr'><strong>Epistolas</strong></span> <span class='ocrx_word' id='word_1_158' title='bbox 585 1804 627 1836; x_wconf 86' lang='lat' dir='ltr'><strong>ad</strong></span> <span class='ocrx_word' id='word_1_159' title='bbox 645 1802 896 1836; x_wconf 87' lang='lat' dir='ltr'><strong>Colomannum</strong></span> <span class='ocrx_word' id='word_1_160' title='bbox 914 1807 949 1836; x_wconf 88' lang='lat' dir='ltr'><strong>et</strong></span> <span class='ocrx_word' id='word_1_161' title='bbox 966 1813 1045 1836; x_wconf 88' lang='lat' dir='ltr'><strong>suos</strong></span> <span class='ocrx_word' id='word_1_162' title='bbox 1159 1802 1218 1835; x_wconf 91' lang='lat' dir='ltr'><strong>lib.</strong></span> <span class='ocrx_word' id='word_1_163' title='bbox 1238 1811 1262 1836; x_wconf 86' lang='grc' dir='ltr'><strong>Ι.</strong></span> 
     </span>
    </p>

    <p class='ocr_par' dir='ltr' id='par_1_8' title="bbox 389 1857 1257 1891">
     <span class='ocr_line' id='line_1_25' title="bbox 389 1857 1257 1891; baseline -0.001 0"><span class='ocrx_word' id='word_1_164' title='bbox 389 1858 447 1891; x_wconf 92' lang='lat' dir='ltr'><strong>Ad</strong></span> <span class='ocrx_word' id='word_1_165' title='bbox 465 1858 688 1891; x_wconf 88' lang='lat' dir='ltr'><strong>Adamanum</strong></span> <span class='ocrx_word' id='word_1_166' title='bbox 705 1858 890 1891; x_wconf 85' lang='lat' dir='ltr'><strong>Coludium</strong></span> <span class='ocrx_word' id='word_1_167' title='bbox 1154 1857 1213 1890; x_wconf 91' lang='lat' dir='ltr'><strong>lib.</strong></span> <span class='ocrx_word' id='word_1_168' title='bbox 1234 1866 1257 1890; x_wconf 92' lang='lat'><strong>1.</strong></span> 
     </span>
    </p>
   </div>
   <div class='ocr_carea' id='block_1_7' title="bbox 295 1912 1310 2008">
    <p class='ocr_par' dir='ltr' id='par_1_9' title="bbox 295 1912 1310 2008">
     <span class='ocr_line' id='line_1_26' title="bbox 389 1912 1262 1956; baseline -0.001 -10"><span class='ocrx_word' id='word_1_169' title='bbox 389 1913 448 1946; x_wconf 91' lang='lat' dir='ltr'><strong>Ad</strong></span> <span class='ocrx_word' id='word_1_170' title='bbox 467 1913 610 1947; x_wconf 90' lang='lat' dir='ltr'><strong>Hildam</strong></span> <span class='ocrx_word' id='word_1_171' title='bbox 630 1912 854 1948; x_wconf 85' lang='lat' dir='ltr'><strong>Abbatissam</strong></span> <span class='ocrx_word' id='word_1_172' title='bbox 1119 1913 1218 1956; x_wconf 87' lang='lat' dir='ltr'><strong>epist.</strong></span> <span class='ocrx_word' id='word_1_173' title='bbox 1239 1922 1262 1945; x_wconf 95' lang='lat'><strong>1.</strong></span> 
     </span>
     <span class='ocr_line' id='line_1_27' title="bbox 295 1968 1310 2008; baseline -0.001 -7"><span class='ocrx_word' id='word_1_174' title='bbox 295 1969 391 2002; x_wconf 84' lang='lat' dir='ltr'><strong>Obiit</strong></span> <span class='ocrx_word' id='word_1_175' title='bbox 411 1969 630 2008; x_wconf 89' lang='lat' dir='ltr'><strong>Drisfeldiae,</strong></span> <span class='ocrx_word' id='word_1_176' title='bbox 649 1980 740 2002; x_wconf 88' lang='lat' dir='ltr'><strong>anno</strong></span> <span class='ocrx_word' id='word_1_177' title='bbox 757 1977 871 2001; x_wconf 83' lang='lat' dir='ltr'><strong>Dcev.</strong></span> <span class='ocrx_word' id='word_1_178' title='bbox 922 1968 1057 2002; x_wconf 91' lang='lat' dir='ltr'><strong>Colitur</strong></span> <span class='ocrx_word' id='word_1_179' title='bbox 1074 1976 1194 2001; x_wconf 79' lang='lat' dir='ltr'>XXIII.</span> <span class='ocrx_word' id='word_1_180' title='bbox 1212 1968 1310 2002; x_wconf 84' lang='lat' dir='ltr'><strong>Julii.</strong></span> 
     </span>
    </p>
   </div>
   <div class='ocr_carea' id='block_1_8' title="bbox 674 2078 1172 2117">
    <p class='ocr_par' dir='ltr' id='par_1_10' title="bbox 674 2078 1172 2117">
     <span class='ocr_line' id='line_1_28' title="bbox 674 2078 1172 2117; baseline 0.002 -5"><span class='ocrx_word' id='word_1_181' title='bbox 674 2078 1064 2113; x_wconf 86' lang='lat' dir='ltr'><strong>APOCRISIARIUS.</strong></span> <span class='ocrx_word' id='word_1_182' title='bbox 1116 2082 1172 2117; x_wconf 87' lang='lat'><strong>97.</strong></span> 
     </span>
    </p>
   </div>
   <div class='ocr_carea' id='block_1_9' title="bbox 247 2190 1597 2346">
    <p class='ocr_par' dir='ltr' id='par_1_11' title="bbox 247 2190 1597 2346">
     <span class='ocr_line' id='line_1_29' title="bbox 249 2190 1597 2233; baseline 0.001 -10"><span class='ocrx_word' id='word_1_183' title='bbox 249 2191 557 2224; x_wconf 71' lang='lat' dir='ltr'><strong>Arocmsmmus</strong></span> <span class='ocrx_word' id='word_1_184' title='bbox 617 2190 757 2233; x_wconf 88' lang='lat' dir='ltr'><strong>quidam</strong></span> <span class='ocrx_word' id='word_1_185' title='bbox 816 2190 1060 2224; x_wconf 88' lang='lat' dir='ltr'><strong>Benedictinus</strong></span> <span class='ocrx_word' id='word_1_186' title='bbox 1120 2191 1262 2224; x_wconf 87' lang='lat' dir='ltr'><strong>concilio</strong></span> <span class='ocrx_word' id='word_1_187' title='bbox 1327 2191 1447 2224; x_wconf 88' lang='lat' dir='ltr'><strong>Perthi</strong></span> <span class='ocrx_word' id='word_1_188' title='bbox 1503 2191 1597 2224; x_wconf 89' lang='lat' dir='ltr'><strong>habi-</strong></span> 
     </span>
     <span class='ocr_line' id='line_1_30' title="bbox 247 2245 1595 2290; baseline -0.001 -11"><span class='ocrx_word' id='word_1_189' title='bbox 247 2252 283 2280; x_wconf 85' lang='lat' dir='ltr'><strong>to</strong></span> <span class='ocrx_word' id='word_1_190' title='bbox 319 2247 383 2280; x_wconf 89' lang='lat' dir='ltr'><strong>sub</strong></span> <span class='ocrx_word' id='word_1_191' title='bbox 416 2246 545 2280; x_wconf 87' lang='lat' dir='ltr'><strong>Jacobo</strong></span> <span class='ocrx_word' id='word_1_192' title='bbox 579 2245 614 2279; x_wconf 90' lang='lat' dir='ltr'><strong>S.</strong></span> <span class='ocrx_word' id='word_1_193' title='bbox 649 2245 800 2279; x_wconf 84' lang='lat' dir='ltr'><strong>Victoris</strong></span> <span class='ocrx_word' id='word_1_194' title='bbox 835 2247 1007 2286; x_wconf 87' lang='lat' dir='ltr'><strong>canonico,</strong></span> <span class='ocrx_word' id='word_1_195' title='bbox 1043 2257 1104 2290; x_wconf 86' lang='lat' dir='ltr'><strong>per</strong></span> <span class='ocrx_word' id='word_1_196' title='bbox 1138 2246 1288 2280; x_wconf 87' lang='lat' dir='ltr'><strong>Scotiam</strong></span> <span class='ocrx_word' id='word_1_197' title='bbox 1323 2251 1357 2279; x_wconf 90' lang='lat' dir='ltr'><strong>et</strong></span> <span class='ocrx_word' id='word_1_198' title='bbox 1392 2245 1595 2279; x_wconf 85' lang='lat' dir='ltr'><strong>Hiberniam</strong></span> 
     </span>
     <span class='ocr_line' id='line_1_31' title="bbox 248 2301 1596 2346; baseline 0 -12"><span class='ocrx_word' id='word_1_199' title='bbox 248 2303 360 2346; x_wconf 86' lang='lat' dir='ltr'><strong>legato</strong></span> <span class='ocrx_word' id='word_1_200' title='bbox 394 2302 590 2345; x_wconf 86' lang='lat' dir='ltr'><strong>apostolico,</strong></span> <span class='ocrx_word' id='word_1_201' title='bbox 624 2301 794 2342; x_wconf 88' lang='lat' dir='ltr'><strong>interfuit,</strong></span> <span class='ocrx_word' id='word_1_202' title='bbox 831 2301 1109 2336; x_wconf 85' lang='lat' dir='ltr'><strong>Scotichronicon</strong></span> <span class='ocrx_word' id='word_1_203' title='bbox 1144 2302 1202 2336; x_wconf 92' lang='lat' dir='ltr'><strong>lib.</strong></span> <span class='ocrx_word' id='word_1_204' title='bbox 1239 2310 1293 2336; x_wconf 83' lang='lat' dir='ltr'><strong>IX.</strong></span> <span class='ocrx_word' id='word_1_205' title='bbox 1329 2312 1401 2345; x_wconf 85' lang='lat' dir='ltr'><strong>cap.</strong></span> <span class='ocrx_word' id='word_1_206' title='bbox 1437 2309 1596 2334; x_wconf 80' lang='lat' dir='ltr'>xxxvn.</span> 
     </span>
    </p>
   </div>
  </div>
 </body>
</html>
