1861 2682
245 275 286 303 60
620 273 844 305 HISTORIA
868 271 1230 304 ECCLESIASTICA

247 370 340 405 cunt,
360 366 419 398 sed
435 366 522 399 illud
539 366 698 403 maxime,
716 365 809 408 quod
826 364 975 397 recentia
991 363 1161 406 quaedam
1178 362 1329 401 nomina,
1353 366 1431 404 post
1454 365 1603 395 mortem

247 422 386 454 demum
403 421 574 454 Antonini
593 425 739 463 recepta,
757 420 794 452 in
811 431 851 453 eo
867 420 1039 464 legantur.
1091 418 1296 451 Theodorus
1315 417 1506 456 Marcilius,
1525 428 1605 460 pro-

247 476 356 510 fessor
373 487 484 519 nuper
502 476 672 515 Lutetiae,
690 487 760 508 non
781 475 885 508 unius
903 486 1001 518 opus,
1019 474 1076 507 sed
1096 473 1287 506 miscellum
1312 472 1472 515 putavit;
1499 472 1608 505 docti-

249 543 324 565 ores
349 532 504 575 plerique
527 542 597 564 non
622 531 795 563 Antonini
820 530 971 573 quidem,
997 530 1056 562 sed
1086 528 1229 561 alterius
1259 527 1425 571 anonymi
1454 528 1545 561 docti
1574 531 1609 560 et

249 588 384 630 antiqui
402 587 591 630 scriptoris.
640 585 720 630 Ego
738 586 837 618 illum
859 596 929 618 non
952 584 1169 629 conjecturis,
1194 584 1253 616 sed
1275 588 1369 616 certa
1386 582 1461 616 MS.
1480 583 1606 616 codicis

249 642 313 675 fide
331 642 539 685 deprehendi
557 642 698 675 Scotum
716 652 798 674 esse.
850 640 967 674 Codex
988 641 1054 673 iste
1071 644 1123 672 est
1140 639 1233 682 apud
1251 647 1312 672 CL.
1332 647 1372 672 V.
1392 638 1437 672 D.
1456 639 1607 672 Pavillo-

249 709 344 736 num,
370 699 576 731 advocatum
604 697 844 734 parisiensem,
871 696 908 728 in
933 695 1134 728 membrana
1158 695 1267 738 proba
1296 706 1412 733 manu,
1431 695 1604 739 exquisito

249 754 453 792 charactere,
471 754 619 797 oblonga
642 752 765 788 forma,
790 752 943 784 miniatis
967 751 1208 794 pulcherrimis
1232 755 1265 784 et
1286 751 1414 784 vividis
1436 751 1607 784 coloribus

250 809 454 851 capitalibus
473 808 672 840 elementis:
698 807 745 839 ibi
765 807 912 839 habetur
928 808 1058 845 eadem,
1082 818 1152 850 qua
1174 807 1318 850 reliqua,
1341 817 1459 845 manu,
1486 810 1506 824 ‘⁶
1525 805 1608 839 Cos-

249 864 453 908 mographia
478 863 571 896 Scoti
598 863 656 896 lib.
685 863 730 895 1.'’
779 862 835 895 Ea
860 867 912 895 est
938 862 1075 895 Notitia
1097 863 1280 906 utriusque
1304 861 1458 905 Imperii,
1482 866 1522 895 ut
1546 872 1609 894 suo

250 921 323 952 loco
349 919 470 952 fusius.
522 919 615 952 Tum
642 920 678 951 in
704 918 781 957 fine,
807 919 926 951 eadem
952 929 1068 957 manu,
1099 919 1279 951 delineatis
1307 918 1456 961 perbelle
1485 917 1607 956 literis,

251 979 271 994 “
289 975 455 1018 Sequitur
472 975 695 1008 Itinerarium
714 974 807 1007 Scoti
825 974 883 1007 lib.
903 974 947 1006 1.''
971 975 1070 1017 quasi
1088 979 1276 1017 utrumque
1299 984 1386 1016 opus
1410 978 1499 1006 esset
1522 983 1608 1015 opus

251 1031 400 1064 auctoris
423 1031 599 1074 ejusde1n3
626 1031 719 1073 quod
742 1030 779 1062 in
801 1031 934 1073 patriae
956 1041 1052 1063 meae
1075 1031 1177 1063 decus
1202 1030 1257 1062 vir
1274 1030 1332 1062 ille
1350 1028 1609 1062 literatissimus

250 1086 335 1119 mihi
354 1087 515 1125 ostendit,
534 1091 568 1119 et
585 1097 648 1130 ego
668 1087 785 1118 volens
804 1086 981 1129 libensque
999 1086 1146 1128 posteris
1165 1085 1266 1117 dono.

299 1142 475 1174 Floruisse
493 1142 631 1174 videtur
648 1152 739 1174 anno
755 1142 817 1174 sal.
833 1150 998 1174 CCCCXL.
1017 1152 1087 1184 qua
1100 1145 1304 1184 tempestate
1319 1141 1419 1173 multi
1433 1144 1606 1173 nostrates

251 1197 446 1235 exulabant,
465 1202 505 1229 ut
522 1208 637 1241 regem
656 1208 758 1229 suum
777 1197 884 1230 secuti
908 1197 945 1229 in
968 1196 1107 1229 Italiam
1131 1196 1281 1234 fuerant,
1306 1196 1423 1238 ibique
1447 1206 1527 1239 rege
1553 1196 1612 1228 do-

250 1263 346 1286 mum
370 1263 536 1296 regresso,
560 1253 675 1285 sedem
700 1252 920 1285 fortunarum
945 1262 1086 1284 suarum
1111 1252 1268 1290 fixerant,
1294 1255 1334 1284 ut
1357 1251 1421 1283 hoc
1444 1261 1545 1293 opere
1568 1261 1611 1283 ex

252 1309 510 1341 nomenclatura
523 1308 738 1341 eruditorum
753 1309 859 1339 lector
871 1307 1039 1349 probabili
1055 1307 1253 1350 conjectura
1267 1306 1485 1339 assentietur.
1522 1305 1610 1344 Quis

253 1364 308 1396 ille
322 1363 438 1402 fuerit,
453 1369 524 1396 tam
542 1363 643 1395 anxie
661 1373 825 1405 quaerere
844 1372 985 1401 vanum,
999 1372 1103 1405 quam
1119 1362 1205 1395 scire
1219 1362 1354 1401 inutile,
1368 1366 1403 1394 et
1417 1372 1480 1405 ego
1493 1371 1610 1405 pergo.

721 1473 1016 1508 ARTVILLUS.
1069 1476 1147 1507 108.

255 1588 501 1628 ARTVILLUS‚
521 1588 736 1621 nobilissimo
753 1589 826 1621 loco
849 1589 943 1632 apud
968 1598 1047 1620 suos
1071 1591 1186 1626 natus,
1210 1586 1322 1631 reguli
1341 1586 1520 1630 cujusdam
1538 1586 1611 1619 sive

255 1644 352 1677 thani
378 1644 480 1684 filius,
509 1655 578 1677 non
605 1645 679 1676 leve
708 1644 842 1687 patriae
871 1647 1124 1681 ornamentum,
1156 1641 1295 1675 Guiliel.
1327 1641 1609 1674 Malmesburien.

256 1700 369 1742 patria
387 1700 552 1732 excedens
570 1698 736 1743 Angliam
754 1699 865 1742 petiit,
883 1709 953 1731 non
971 1699 1044 1730 sine
1062 1698 1255 1741 suspicione
1273 1698 1388 1740 aliqua
1406 1696 1609 1739 perduellii3

257 1756 411 1788 conscius
439 1755 530 1787 enim
557 1755 747 1797 putabatur
777 1755 888 1787 caedis
919 1754 1114 1797 spontanae
1142 1754 1292 1798 reginae,
1322 1763 1426 1795 quam
1457 1751 1611 1784 Atholici

256 1812 381 1844 fratres
399 1822 461 1854 pro
479 1810 640 1855 Eugenio
658 1810 740 1843 VII.
759 1821 839 1854 rege
856 1811 931 1853 ipso
954 1809 1134 1854 gravidam
1158 1808 1399 1847 confecerunt3
1427 1817 1546 1840 verum
1571 1806 1612 1839 de

257 1878 307 1906 eo,
325 1871 365 1900 ut
382 1871 435 1899 est
451 1867 488 1899 in
506 1866 540 1898 S.
561 1865 599 1898 C.
618 1876 687 1898 non
705 1866 825 1909 liquet.
876 1865 967 1910 Ejus
985 1869 1077 1904 sunt,
1096 1875 1184 1907 quae
1203 1868 1322 1896 extant
1337 1873 1345 1896 :

402 1922 456 1955 De
474 1921 591 1955 Rebus
610 1921 866 1954 Mathematicis
1170 1920 1229 1952 lib.
1251 1928 1275 1952 1.

400 1978 459 2011 Ad
476 1977 675 2010 Adhelnum
694 1976 907 2019 Episcopum
1175 1976 1233 2009 lib.
1254 1984 1278 2008 Ι.

306 2033 455 2067 Vivebat
481 2044 572 2066 anno
598 2041 715 2066 Dccx.
742 2036 908 2076 regnante
933 2031 1025 2064 domi
1044 2031 1205 2076 Eugenio
1222 2030 1305 2064 VII.
1324 2031 1462 2064 sedente
1482 2030 1614 2064 Romae

261 2090 429 2134 Gregorio
447 2088 495 2122 11.
546 2089 721 2121 Leslaeus.

587 2181 904 2215 ALEXANDER
930 2182 1149 2216 ALESIUS.
1203 2185 1283 2220 109.

259 2257 522 2290 ALEXANDER
549 2254 699 2293 Alesius‚
729 2255 842 2297 patria
868 2256 999 2298 pulsus,
1025 2261 1110 2298 puto
1136 2256 1179 2289 ob
1204 2255 1385 2294 haeresim,
1411 2255 1541 2287 clarum
1567 2254 1612 2286 si-

261 2315 294 2348 bi
333 2314 376 2347 ab
417 2313 609 2346 eruditione
650 2323 776 2346 nomen
817 2312 853 2345 in
896 2311 1082 2345 Germania
1122 2311 1317 2355 acquisivit,
1359 2310 1533 2344 meliorem
1575 2308 1611 2340 fi.
