1861 2682
218 261 259 290 50
591 257 816 291 HISTORIA
840 256 1202 290 ECCLESIASTICA

505 403 772 439 PATRICIUS
796 403 1101 438 ADAMSONUS
1127 403 1176 437 H.
1227 406 1284 437 81.

222 519 441 552 PATRICIUS
458 516 692 556 Adamsonus‚
709 527 801 550 unus
818 527 861 550 ex
878 516 921 549 iis
938 516 999 559 qui
1016 515 1280 558 Archiepiscopi
1298 515 1438 549 nomine
1461 516 1578 550 haere-

221 575 310 608 ticus
328 573 362 607 S.
381 573 542 607 Andreae
559 573 735 606 ecclesiam
749 572 968 610 deformavit,
986 571 1041 604 vir
1057 571 1338 614 incomparabilis
1355 571 1392 604 in
1416 571 1575 605 humani-

222 630 291 664 oris
308 630 509 664 literaturae
526 629 730 667 eruditione,
745 628 873 661 Graece
887 632 922 661 et
934 626 1061 660 Latine
1074 627 1306 668 doctissimus,
1321 631 1471 671 utroque
1483 629 1576 672 stylo

223 685 332 719 facilis
351 690 385 719 et
402 687 551 730 elegans,
570 684 709 727 scripsit

365 741 622 774 Catechismum
640 750 743 772 versu
1137 738 1197 772 lib.
1217 747 1242 772 1.

368 796 412 830 In
429 795 607 829 Andream
625 794 821 828 Melvinum
838 794 1115 828 Declamationes
1137 794 1196 827 lib.
1216 803 1241 827 1.

365 851 632 896 Epigrammata
654 861 693 883 ac
718 850 906 891 Poemata;
934 852 972 884 in
991 850 1117 894 quibus
1140 849 1359 883 felicissimus
1382 850 1485 890 calor,
1514 861 1577 884 nec

411 907 600 951 quicquam
626 907 670 939 ab
695 905 900 940 Aristarcho
925 906 1245 950 reprehendendum
1274 910 1412 949 praeter
1440 916 1578 949 perver-

412 973 490 996 sum
502 962 679 1006 religionis
693 962 865 1001 affectum,
880 963 909 995 si
923 966 1041 995 tamen
1054 973 1124 995 non
1138 963 1195 994 ille
1208 961 1429 995 orthodoxae.
1464 961 1579 995 Multa

413 1029 551 1061 quoque
581 1022 729 1061 carpunt
758 1017 905 1050 Lutheri
936 1023 970 1050 et
1000 1017 1137 1050 Calvini
1171 1017 1351 1057 haeresim,
1388 1027 1426 1050 ac
1459 1016 1578 1050 favent

414 1074 494 1107 fidei
512 1084 624 1106 verae.

272 1130 371 1164 Obiit
388 1130 425 1163 in
449 1140 595 1167 summa,
619 1133 660 1162 ut
682 1128 796 1166 audio,
819 1129 947 1171 inopia,
972 1129 1065 1172 quod
1088 1129 1125 1161 in
1143 1128 1358 1162 Catholicam
1375 1128 1576 1172 religionem

221 1186 362 1231 pronior
387 1196 493 1229 quam
519 1184 697 1227 expediret
722 1184 789 1228 ipsi
815 1195 837 1217 a
861 1183 1035 1218 Sathanae
1060 1185 1230 1218 ministris
1256 1188 1463 1223 censeretur,
1487 1194 1577 1216 anno

224 1252 255 1276 M
261 1249 406 1276 DXCIII.

597 1351 877 1385 ANONYMUS
903 1351 1083 1386 POETA.
1134 1354 1191 1385 82.

222 1467 458 1500 ANONYMUS
484 1465 550 1498 iste
576 1464 698 1498 Scotus
724 1463 943 1497 Eberardum
976 1462 1196 1496 Stewardum
1227 1463 1394 1496 Obinium
1426 1474 1468 1496 ex
1499 1463 1578 1497 Sco-

222 1523 272 1557 tia
313 1523 367 1554 vel
409 1520 524 1554 Gallia
565 1521 601 1553 in
644 1520 782 1553 Italiam
824 1524 973 1559 secutus,
1012 1524 1189 1552 strenuam
1224 1518 1455 1562 Neapolitano
1489 1519 1577 1552 bello

222 1588 361 1621 operam
395 1577 551 1616 navavit,
585 1577 645 1609 sed
677 1586 779 1614 unus,
813 1580 854 1608 ut
884 1581 980 1618 puto,
1010 1585 1053 1608 ex
1086 1575 1128 1607 iis
1162 1574 1221 1618 qui
1256 1574 1453 1619 Aragonias
1486 1585 1576 1608 com-

221 1633 357 1677 plexuri
391 1638 518 1676 partes,
553 1632 747 1665 Gallicanas
786 1632 1007 1670 damnarunt,
1045 1630 1192 1673 Neapoli
1228 1630 1395 1669 substitit,
1430 1630 1576 1663 inimici—

221 1690 356 1732 tiasque
389 1700 466 1722 cum
500 1687 628 1721 Jacobo
663 1688 884 1726 Sannazario,
918 1686 1063 1729 patricio
1097 1685 1338 1729 Neapolitano,
1372 1691 1407 1720 et
1441 1687 1573 1729 optimo

222 1750 332 1788 poeta,
359 1745 523 1782 exercuit,
548 1748 589 1777 ut
613 1744 687 1787 ipse
713 1743 962 1788 epigrammate
983 1742 1217 1786 conqueritur,
1241 1746 1276 1774 et
1299 1742 1482 1785 scripserat
1508 1741 1573 1780 hic,

223 1804 263 1834 ut
281 1801 430 1839 videtur,

368 1855 634 1900 Epigrammata
651 1856 688 1888 in
706 1854 955 1888 Sannazarium
1136 1852 1194 1886 lib.
1215 1860 1240 1884 Ι.

270 1912 431 1946 Florebat
449 1922 540 1945 anno
558 1919 757 1944 MCCCCXC.

600 2020 880 2055 ANONYMUS
906 2018 1085 2052 POETA.
1137 2022 1193 2053 83.

224 2136 461 2170 ANONYMUS
474 2134 530 2166 hic
542 2138 655 2177 poeta,
670 2132 796 2166 Latine
809 2131 1006 2174 Graeceque
1020 2132 1249 2171 doctissimus,
1265 2131 1410 2165 Parisiis
1423 2132 1573 2175 publica-

226 2192 288 2230 vit,
310 2195 351 2224 ut
374 2190 452 2222 Yvo
475 2189 712 2227 Villiomarus,
737 2188 810 2221 sive
832 2187 1005 2230 Josephus
1029 2187 1191 2232 Scaliger,
1216 2192 1365 2221 testatur
1389 2188 1447 2221 lib.
1472 2196 1514 2221 11.
1537 2188 1574 2220 in

228 2247 420 2281 Robertum
441 2245 578 2279 Titium
595 2244 719 2277 Locor.
738 2243 999 2276 Controversor.
1019 2254 1091 2287 cap.
1111 2252 1197 2277 v111.

372 2301 603 2347 Epigramma
617 2299 787 2334 Graecum
801 2300 842 2332 de
856 2298 986 2332 Officiis
1004 2300 1126 2343 optimi
1142 2304 1177 2333 et
1194 2299 1373 2343 apostolici
1387 2298 1571 2332 Praesulis.
