1861 2682
585 242 755 274 GENTIS
780 239 1050 276 SCOTORUM,
1075 238 1161 270 LIB.
1187 238 1242 269 1V.
1529 239 1590 267 233

243 343 261 356 ‘⁵
276 337 341 370 Vir
353 335 502 374 doctus‚’'
517 336 565 368 ait
579 334 810 378 lVolfgaugus
829 332 956 364 Lazius
975 331 1033 363 lib.
1049 339 1117 362 vn.
1138 329 1282 373 Migrat.
1302 327 1404 361 Gent.
1447 328 1591 370 Scripsit

386 391 505 424 Vitam
523 389 688 432 Leopc-ldi
708 387 920 421 Mareliionis
939 386 1104 419 Austriae
1272 384 1327 417 lib.
1347 392 1370 416 1.
1423 383 1456 416 Is
1475 388 1592 425 postea

433 447 469 479 in
503 450 700 478 sanctorum
734 445 861 476 relatus
899 452 1092 479 numerum,
1133 441 1301 473 secundus
1335 438 1499 472 Austriae
1534 448 1592 480 pa-

435 507 556 534 tronus
583 501 717 538 colitur,
745 500 806 531 diu
835 499 926 531 enim
954 501 1033 530 ante
1061 497 1159 528 illum
1189 496 1317 528 ascitus
1343 496 1381 527 in
1407 498 1590 537 patronum

434 556 476 589 ab
504 567 544 588 ea
572 559 673 600 gente
703 554 817 587 fuerat
843 553 878 587 S.
906 553 1128 590 colmannus,
1154 552 1208 584 uti
1237 551 1296 584 lib.
1324 558 1384 583 111.
1411 560 1516 592 supra
1542 559 1592 581 os-

436 610 543 642 tendi.

292 666 428 699 Claruit
445 675 535 698 anno
555 672 727 697 MCLvm.

604 775 807 809 SAMUEL
833 773 1100 808 DEIRANUS.
1154 776 1234 807 423.

246 888 415 920 SAMUEL
451 887 633 925 Deir-anus,
668 887 856 919 monachus
891 887 1147 924 Benedicffinus,
1182 897 1203 918 a
1236 885 1343 918 Deira
1377 885 1598 918 celeberrimo

247 943 445 976 Bu'chaniae
478 943 639 975 coenobio
673 943 722 975 sic
752 947 904 981 vocatus,
935 942 990 974 vir
1018 942 1087 974 fuit
1120 942 1163 974 ad
1197 942 1402 973 miraculum
1436 940 1598 973 omnibus

248 999 345 1031 bonis
380 999 512 1031 artibus
546 998 712 1036 eruditus,
755 998 937 1040 praecipue
976 997 1240 1036 mathematicis,
1283 997 1320 1029 in
1362 996 1487 1039 quibus
1524 1000 1600 1028 tan-

248 1062 322 1087 tum
351 1053 468 1087 floruit
498 1058 532 1086 et
557 1055 726 1092 excelluit,
754 1060 794 1086 ut
819 1065 839 1085 a
864 1054 969 1098 vulgo
995 1064 1117 1097 magus
1147 1053 1356 1091 haberetur3
1394 1062 1516 1084 revera
1541 1061 1601 1083 na-

247 1116 345 1142 turae
374 1110 540 1152 mysteria
569 1109 652 1142 adeo
682 1110 886 1152 penetravit,
917 1113 957 1141 ut
986 1109 1073 1141 nihil
1106 1109 1142 1141 in
1172 1109 1214 1141 iis
1240 1109 1273 1140 ei·
1298 1108 1469 1141 occultum
1496 1106 1596 1140 foret.

249 1165 343 1197 Mira
375 1165 646 1207 praedictionum
680 1164 854 1203 felicitate,
886 1165 983 1197 varia
1013 1165 1154 1208 reliquit
1184 1165 1316 1209 ingenii
1350 1164 1403 1196 sui
1431 1163 1599 1196 rarissimi

249 1224 482 1258 monumenta,
507 1220 567 1252 sed
592 1221 635 1253 ad
660 1231 714 1252 me
739 1231 928 1263 paucorum
959 1220 1070 1262 apices
1095 1224 1339 1263 pervenerunt.
1391 1219 1434 1252 In
1459 1219 1513 1251 his
1541 1218 1601 1250 ha-

248 1276 397 1309 bentur:

392 1330 549 1364 Canones
567 1330 778 1375 Astrologici
1164 1331 1222 1364 lib.
1243 1340 1267 1363 1.

395 1386 597 1431 Principum
615 1388 833 1430 quorundam
852 1387 1046 1430 Horoscopi
1166 1387 1226 1419 lib.
1247 1396 1270 1419 1.

394 1442 651 1476 Praedictiones
674 1453 811 1476 veraces
834 1453 937 1486 super
960 1442 1054 1475 Casu
1078 1443 1271 1487 Religionis
1297 1444 1388 1486 apud
1415 1443 1543 1482 Scotos,
1571 1449 1603 1476 et

441 1498 595 1542 ejusdem
612 1509 703 1531 nova
720 1498 997 1537 Restauratione,
1117 1526 1122 1529 ,
1166 1498 1225 1531 lib.
1246 1508 1270 1531 1.

397 1553 625 1598 Theologicae
642 1554 867 1587 Collectiones
885 1566 947 1597 pro
965 1554 1186 1598 Astrologica
1204 1554 1355 1587 Scientia
1448 1555 1506 1587 lib.
1527 1563 1550 1585 Ι.

302 1609 399 1642 Obiit
423 1620 513 1642 anno
539 1618 730 1642 MDXLVII.
781 1609 943 1653 Sepultus
969 1621 1039 1642 non
1064 1611 1166 1654 longe
1192 1609 1410 1654 Edimburgo
1433 1611 1469 1642 in
1492 1611 1605 1654 cujus-

254 1667 333 1698 dam
351 1664 418 1697 v'iri
436 1665 641 1698 nobilissimi
659 1666 792 1704 sacello,
815 1676 963 1708 quocum
981 1666 1135 1710 ejusdem
1159 1666 1273 1698 sacelli
1296 1666 1462 1710 imagines
1488 1677 1606 1699 omnes

256 1722 360 1754 etiam
379 1721 533 1764 sepultae
550 1732 589 1753 ac
605 1721 811 1754 reconditae.

743 1832 987 1866 DRUYDES.
1040 1835 1119 1866 424.

259 1944 453 1977 DRUYDES
486 1945 540 1977 vel
573 1943 745 1988 Dryudes,
784 1944 979 1988 philosophi
1016 1945 1260 1988 antiquissimi,
1298 1958 1318 1978 a
1356 1945 1457 1989 Druy
1495 1945 1608 1979 Celta-

259 2010 337 2032 rum
373 2010 462 2044 rege,
504 2004 544 2033 ut
576 2001 699 2033 volunt
737 2000 932 2043 Stephanus
967 2000 1184 2039 Forcatulus,
1226 2005 1260 2034 et
1297 2001 1448 2034 Joannes
1492 2002 1607 2034 Picar-

260 2055 325 2087 dus
350 2054 410 2087 lib.
438 2063 479 2087 11.
506 2055 769 2098 Celtopaediae3
806 2057 860 2088 vel
885 2055 928 2088 ab
953 2056 1132 2089 arboribus
1159 2061 1193 2089 et
1218 2058 1303 2090 lucis
1328 2058 1365 2090 in
1390 2057 1526 2100 quibus,
1553 2059 1608 2090 de-

260 2111 394 2143 clinatis
412 2110 566 2149 urbibus,
589 2116 629 2143 ut
645 2112 750 2144 sacris
768 2111 902 2144 facilius
920 2116 1091 2150 vacarent,
1118 2112 1331 2146 habitabant.
1359 2112 1393 2145 A
1411 2113 1606 2151 Britannia,

261 2166 295 2197 id
315 2171 376 2204 est,
395 2166 519 2204 Scotia,
537 2166 597 2199 ubi
621 2170 735 2199 ortum
757 2167 918 2200 habuisse
935 2168 1092 2201 scribunt
1117 2167 1243 2201 Caesar
1268 2169 1327 2202 lib.
1347 2178 1399 2201 VI.
1426 2169 1608 2201 Commen-

262 2222 381 2254 tarior.
411 2220 534 2254 Strabo
564 2222 622 2255 lib.
651 2230 686 2253 V.
717 2221 911 2266 Geograph.
947 2222 1090 2256 Tacitus
1124 2224 1159 2256 in
1193 2223 1367 2269 Agricola,
1402 2230 1435 2258 et
1469 2225 1538 2263 alii,
1573 2225 1608 2257 in

261 2274 389 2308 Gallias
425 2276 595 2315 translati,
629 2276 717 2309 mira
750 2276 1014 2320 philosophandi
1049 2279 1192 2313 scientia
1232 2280 1478 2314 inclaruerunt.
1521 2279 1608 2312 Late
