1861 2682
294 228 355 258 2:38
663 228 886 260 HISTORIA
911 229 1269 260 ECCLESIASTICA

298 332 341 352 na
359 329 438 353 CIX.
458 326 490 353 et
508 319 639 352 Anton.
658 320 835 352 Possevin.
853 319 986 362 Appar.
1005 319 1098 352 Sacri
1117 325 1200 352 tom.
1222 329 1245 352 1.
1264 330 1342 363 pag.
1362 328 1515 353 CLxxn.
1552 323 1642 367 Ejus

299 381 347 407 est

443 430 643 463 Confutatio
669 429 915 472 Responsionis
941 428 1115 462 Guilielmi
1144 429 1357 461 Whittakeri
1384 429 1441 462 lib.
1462 440 1485 463 1.
1529 432 1644 477 Ingol-

490 486 603 518 stadii.

345 542 443 575 Vixit
461 547 494 575 et
512 542 597 574 obiit
614 542 651 574 in
669 541 863 579 Germania,
882 540 940 573 sed
958 540 1071 572 nescio
1088 539 1147 573 ubi
1164 541 1239 579 loci,
1258 551 1348 573 anno
1368 549 1619 576 MDLxxxvn.

551 650 850 684 GUALTERUS
875 650 1247 684 DONALDSONUS.
1300 654 1379 685 430.

299 765 542 797 GUALTERUS
560 762 813 801 Donaldsonus‚
833 761 950 806 magni
963 762 1122 800 nominis,
1136 762 1195 795 sed
1213 762 1354 806 majoris
1372 764 1498 802 meriti,
1519 764 1646 798 Sedau-

297 820 386 852 ensis
411 819 545 851 scholae
569 817 843 862 gymnasiarcha,
874 827 912 849 ac
935 817 1170 860 philosophiae
1192 817 1319 850 ibidem
1341 818 1523 861 professor,
1549 822 1644 853 varia

297 875 402 907 edidit
418 884 425 906 :
452 885 515 918 ego
534 878 669 906 tantum
689 873 760 905 vidi

440 929 653 972 Lachrymas
671 929 824 961 Tumulo
843 928 986 961 Henrici
1005 928 1137 961 Stuarti
1157 929 1304 962 VValliae
1322 929 1492 973 Principis
1542 931 1599 963 lib.
1622 940 1644 963 Ι,

344 985 442 1018 Vivit
461 985 583 1023 adhuc,
602 989 636 1017 et
653 986 763 1017 multa
781 984 934 1027 quotidie
950 988 1104 1026 posteros
1119 989 1284 1017 ornatura
1301 984 1457 1017 molitur:
1476 996 1567 1017 nunc
1586 997 1646 1018 au-

296 1042 352 1074 ‹lio
370 1041 512 1073 Parisiis
530 1040 775 1083 professionem
795 1039 972 1082 occepisse,
991 1040 1081 1082 quod
1101 1040 1189 1072 bono
1208 1039 1292 1082 reip.
1310 1040 1482 1073 literariae
1501 1040 1570 1073 fiat.

575 1150 884 1184 GUILIELMUS
909 1149 1234 1184 DAVIDSONUS.
1287 1152 1366 1183 431.

296 1264 554 1297 GUILIELMUS
596 1263 817 1296 Davidsonus
851 1264 956 1296 bonas
990 1266 1080 1294 artes
1114 1262 1149 1294 in
1185 1261 1299 1294 Scotia
1332 1261 1463 1299 didicit,
1500 1262 1643 1295 Parisiis

298 1321 423 1359 (locuit,
452 1321 623 1353 indivisus
647 1319 793 1352 ,Ioannis
818 1318 1026 1361 Dempsteri,
1056 1319 1128 1351 sive
1156 1318 1396 1356 Themistoris‚
1428 1319 1469 1350 de
1496 1329 1564 1360 quo
1589 1330 1644 1350 su-

296 1387 368 1418 pra,
403 1377 541 1420 collega,
572 1375 808 1418 philosophiae
838 1375 956 1407 eodem
989 1379 1141 1417 tempore
1171 1374 1353 1417 professor.
1419 1373 1539 1406 Edidit
1575 1373 1645 1406 Lu-

298 1433 410 1469 testae,

441 1487 684 1530 Philosophiae
701 1485 941 1519 Aristotelicae
959 1484 1133 1528 Synopsin
1305 1485 1362 1517 lib.
1384 1495 1406 1517 1.

444 1542 681 1574 Praefationes
699 1543 854 1574 solennes
1306 1541 1363 1573 lib.
1384 1550 1407 1572 1.

347 1598 500 1630 Docendi
519 1608 645 1630 munus
664 1607 846 1642 aggressus
864 1601 926 1635 est,
944 1607 985 1628 ex
1003 1596 1087 1628 actis
1106 1596 1297 1628 academiae
1315 1595 1530 1634 Parisiensis‚
1555 1607 1644 1627 anno

302 1662 444 1686 MDLIV.

635 1763 870 1796 ANDREAS
897 1761 1175 1796 DUNCANUS.
1228 1765 1307 1795 432.

303 1878 499 1910 AanEAs
527 1876 715 1909 Duncanus
745 1877 816 1908 solo
843 1875 981 1907 nomine
1008 1874 1093 1906 mihi
1124 1878 1226 1906 notus
1252 1879 1313 1912 est,
1339 1879 1373 1907 et
1398 1879 1482 1916 puto
1507 1885 1644 1917 operam

303 1944 399 1965 suain
418 1933 584 1975 poliendis
603 1931 822 1974 popularium
841 1930 988 1974 ingeniis
1006 1929 1213 1968 destinavit;
1239 1930 1352 1962 nescio
1369 1934 1495 1969 tamen,
1515 1941 1559 1962 an
1577 1941 1644 1961 non

303 1990 406 2021 etiam
440 1989 475 2020 in
505 1987 627 2020 Galliis
657 1986 870 2029 aliquamdiu
899 1984 1103 2017 substiterit.
1156 1984 1339 2027 Utcunque
1369 1986 1423 2017 vir
1457 1985 1645 2018 habebatur

306 2044 535 2081 doctissimus,
554 2047 588 2075 et
605 2044 695 2074 inter
714 2042 768 2074 sui
786 2040 889 2073 seculi
906 2040 1046 2083 primos,
1097 2039 1186 2084 Ejus
1204 2045 1305 2073 sunt:

448 2098 659 2131 Rudimenta
678 2096 820 2129 Pietatis
1304 2096 1361 2128 lib.
1383 2105 1405 2128 Ι.

449 2154 661 2186 Rudimenta
678 2151 929 2185 Grammaticae
1304 2152 1362 2184 lib.
1383 2161 1405 2183 1.

452 2208 676 2253 Etymologia
693 2207 820 2240 Latina
1305 2207 1364 2239 lib.
1385 2216 1407 2239 1.

355 2266 462 2304 Obiit,
482 2270 521 2297 ut
539 2265 647 2303 aiunt,
668 2274 758 2296 anno
775 2262 966 2305 superiori3
999 2262 1033 2294 id
1052 2268 1112 2301 est,
1133 2271 1336 2295 MDCXVIII.
