1861 2682
643 233 813 265 GENTIS
838 232 1106 269 SCOTORUM,
1131 233 1217 264 LIB.
1240 233 1295 263 IV.
1578 235 1638 264 235

285 331 371 365 ctus,
387 327 444 359 sed
463 326 558 368 prius
573 324 792 358 Aberdoniae
806 325 987 368 professor.
1032 325 1177 368 Scripsit
1191 325 1387 370 diligenter,
1407 329 1441 357 et
1454 324 1633 363 laboriose,

431 381 622 413 Historiam
642 380 811 423 Equitum
832 380 1229 424 Hierosolymitanorum
1376 380 1435 413 lib.
1456 389 1496 413 ΙΙ.

332 437 469 469 Claruit
487 447 578 468 anno
598 444 730 468 MDXX.

549 545 859 579 GUILIELMUS
884 545 1229 580 DEMPSTERUS.
1282 546 1364 580 426.

282 647 542 690 GUILIELMUS
584 658 811 701 Dempsterus
853 663 932 692 ante
975 666 1056 691 ccc.
1099 670 1207 692 annos
1250 659 1411 692 Lutetiae
1452 659 1635 702 profiteba-

282 719 350 746 tur.
419 713 508 746 Erat
543 718 659 746 autem
693 725 735 746 ex
770 714 901 746 familia
933 713 1149 753 Curestonia,
1184 715 1283 759 cujus
1318 715 1487 748 claritudo
1529 716 1634 748 altius

281 774 333 801 est
350 769 535 811 repetenda
557 780 598 801 ex
620 769 800 802 annalibus
825 769 978 807 Scoticis,
1004 774 1039 802 et
1063 775 1201 802 nostrae
1220 770 1370 803 familiae
1388 771 1484 804 actis.
1534 771 1634 803 Circa

281 835 409 857 annum
446 833 564 857 MLXI.
600 825 805 857 Malcolmus
840 825 1004 857 Canmoir
1037 824 1104 857 ΙΙΙ.
1139 836 1200 858 rex
1234 825 1344 858 filium
1378 827 1521 860 sustulit
1555 837 1632 869 pro-

280 880 410 912 miscuo
437 885 512 912 toro
544 880 709 913 Alanum.
770 880 804 912 Is
831 880 1051 913 rebellantem
1078 880 1322 925 Loguhabriae
1351 882 1508 921 thanum,
1536 895 1556 915 a
1580 894 1633 915 re-

279 947 321 979 ge
340 936 476 974 missus,
500 937 571 968 acie
589 936 731 974 victum,
756 946 798 968 ne
824 936 971 979 majores
997 940 1112 968 motus
1138 937 1323 975 orirentur,
1351 939 1461 980 capite
1488 940 1632 971 mulcta-

280 991 341 1030 vit,
371 992 491 1024 erectis
517 991 702 1034 trophaeis,
733 991 931 1036 ingentibus
961 991 1063 1029 saxis,
1093 1002 1181 1034 quae
1211 993 1402 1025 etiamnum
1432 994 1534 1026 hodie
1563 1005 1632 1026 non

278 1048 378 1091 longe
396 1046 568 1079 Brechino
587 1047 758 1079 visuntur.
810 1046 887 1080 Rex
903 1046 1057 1079 Alanum
1070 1047 1230 1090 justitiae
1249 1058 1328 1080 ense
1349 1049 1504 1088 donavit,
1532 1060 1570 1082 ac
1588 1060 1631 1081 ne

278 1103 349 1134 111111
379 1107 452 1135 toto
482 1103 518 1134 in
547 1113 654 1146 regno
684 1103 725 1135 de
755 1103 865 1146 capite
896 1103 1068 1135 sententia
1099 1103 1172 1135 sine
1203 1104 1312 1146 ipsius
1343 1109 1404 1137 aut
1434 1105 1629 1147 praesentia

278 1162 339 1189 aut
364 1158 578 1201 delegatione
601 1158 759 1196 ferretur,
785 1159 896 1190 edicto
921 1158 1030 1197 cavit;
1058 1169 1204 1201 eumque
1222 1159 1457 1198 Domsterum,
1482 1161 1545 1193 hoc
1569 1167 1630 1199 est,

276 1212 446 1251 Judicem,
479 1224 518 1245 ea
545 1213 586 1245 de
612 1224 714 1245 causa
739 1214 922 1255 posteritas
949 1214 1107 1253 vocavit3
1134 1213 1252 1247 Dome
1277 1216 1368 1248 enim
1396 1217 1552 1258 capitalis
1581 1221 1631 1249 est

275 1269 456 1307 sententia,
490 1279 578 1312 quae
610 1269 674 1301 hac
713 1268 861 1300 formula
896 1268 1093 1301 ferebatur:
1128 1271 1277 1312 lapidem
1320 1272 1410 1304 tollit
1449 1273 1631 1316 magistra-

275 1329 342 1361 tus,
369 1324 612 1368 signatumque
637 1324 816 1367 quaerenti
842 1324 960 1362 tradit,
986 1324 1045 1356 illo
1071 1325 1309 1358 adversarium
1335 1331 1369 1359 et
1395 1332 1498 1360 testes
1525 1328 1629 1365 citat;

275 1380 302 1411 si
325 1380 409 1422 quid
432 1380 644 1424 ambiguum,
671 1384 705 1412 et
729 1380 869 1423 majoris
891 1380 1068 1417 momenti,
1095 1380 1138 1412 ad
1157 1388 1229 1412 XII.
1255 1392 1341 1423 quos
1367 1382 1490 1415 Claves
1515 1384 1630 1426 appel-

275 1436 358 1474 lant,
383 1434 542 1473 refertur,
564 1440 667 1479 atque
690 1436 740 1469 ita
763 1436 836 1468 sine
862 1435 1000 1478 scriptis
1026 1442 1087 1470 aut
1112 1436 1278 1479 impensis
1304 1438 1382 1471 lites
1408 1439 1524 1471 dirimi
1551 1440 1631 1472 soli-

274 1497 339 1523 tae.
403 1490 460 1523 Ex
492 1490 627 1524 Davide
657 1493 780 1535 longus
812 1491 895 1524 ordo
925 1502 1026 1535 agros
1061 1492 1152 1525 inter
1184 1492 1292 1526 Escas
1319 1504 1436 1526 omnes
1462 1495 1625 1537 possedit,

273 1557 358 1589 quos
376 1546 478 1578 hodie
503 1546 703 1579 Crafordiae
730 1547 884 1579 Lindesii
904 1558 924 1579 a
942 1548 1132 1591 majoribus
1158 1550 1285 1581 nostris
1312 1555 1447 1592 emptos
1473 1550 1623 1589 habent:

273 1607 306 1634 et
332 1602 544 1644 Dempsteri,
574 1613 636 1645 per
661 1607 770 1635 totam
804 1614 839 1635 se
870 1602 1018 1635 Scotiam
1050 1604 1292 1643 diffundentes,
1325 1606 1438 1639 varias
1469 1617 1562 1639 arces
1591 1618 1629 1639 ac

272 1659 392 1690 titulos
419 1658 665 1691 obtinuerunt:
696 1659 732 1690 in
760 1658 966 1691 Hiberniam
994 1659 1109 1697 etiam,
1145 1665 1179 1693 et
1210 1660 1388 1704 Angliam,
1415 1662 1626 1705 Monamque

272 1715 420 1746 insulam
460 1714 681 1758 trajicientes,
729 1714 942 1747 domicilium
985 1726 1023 1747 ac
1065 1716 1180 1748 sedem
1221 1715 1441 1750 fortunarum
1483 1729 1625 1750 suarum

272 1768 432 1803 fixerunt.
485 1769 578 1802 Guil.
619 1770 815 1802 Camdenus
854 1770 890 1802 in
933 1769 1059 1803 Monae
1102 1771 1239 1804 Insulae
1281 1772 1511 1815 descriptione
1545 1784 1624 1818 pag.

271 1833 446 1857 Dccxxv.
499 1825 571 1858 Cur
604 1831 719 1858 autem
754 1825 951 1867 Dempsteri
986 1826 1029 1858 ab
1062 1826 1233 1871 Angusia,
1269 1827 1327 1859 ubi
1362 1829 1474 1870 prima
1516 1830 1624 1861 veluti

271 1880 478 1914 incunabula
504 1892 619 1914 10111111
648 1892 789 1913 suarum
817 1880 955 1914 fuerant
981 1882 1106 1920 sortiti,
1133 1883 1200 1915 alio
1226 1883 1437 1921 transierint,
1464 1884 1547 1917 haec
1573 1896 1624 1917 ra-

271 1935 320 1967 tio
344 1941 416 1968 est:
442 1938 567 1979 puella,
590 1947 794 1981 magnarum
815 1948 918 1979 opum
938 1937 1056 1970 haeres
1074 1937 1327 1971 Achterlessiae
1345 1938 1482 1972 baronis
1502 1940 1621 1979 Sibeti,

271 1991 374 2023 unica
403 1991 548 2024 Joannis
578 1992 774 2034 Dempsteri
810 1992 1015 2025 fortitudine
1045 2004 1065 2025 a
1090 1997 1250 2036 tyranno,
1276 1995 1335 2037 qui
1362 2006 1437 2027 eam
1463 2006 1524 2038 per
1551 1996 1623 2029 vim

271 2046 459 2084 detinebat,
478 2047 631 2084 liberata,
658 2047 766 2079 eidem
790 2049 952 2080 assertori
978 2059 1041 2081 suo
1067 2049 1241 2091 denupsit,
1268 2051 1327 2093 qui
1354 2056 1528 2094 raptorem
1555 2052 1624 2085 vir-

270 2102 361 2145 ginis
389 2102 502 2134 duello
532 2101 714 2140 interfecit,
741 2108 774 2135 et
797 2104 970 2146 gentilitio
993 2104 1279 2147 Dempsterorum
1307 2107 1396 2139 leoni
1423 2118 1538 2140 ensem
1565 2109 1623 2140 ad-

270 2158 369 2195 didit,
388 2157 538 2189 familiae
564 2162 741 2201 gestamen
767 2158 924 2201 deinceps
951 2159 1120 2199 futurum,
1149 2161 1247 2205 cujus
1273 2162 1340 2200 ille,
1369 2164 1477 2196 veluti
1504 2175 1622 2196 secun-

269 2214 332 2244 dus
361 2213 526 2250 conditor,
553 2213 885 2245 administrationem
912 2214 1111 2248 Buchaniae
1141 2221 1175 2248 et
1202 2216 1344 2250 Banfiae
1374 2229 1509 2251 summo
1537 2220 1621 2251 titu-

268 2269 300 2300 lo
329 2269 363 2300 in
389 2269 529 2300 domum
555 2278 652 2300 suam
680 2268 809 2306 intulit,
837 2279 939 2311 quam
971 2275 1004 2303 et
1036 2282 1121 2304 avus
1152 2283 1248 2304 meus
1279 2272 1430 2306 «Ioannes
1461 2280 1493 2306 et
1523 2280 1621 2316 pater
