1861 2682
632 251 806 284 GENTIS
830 251 1101 289 SCOTORUM,
1129 252 1215 284 LIB.
1242 254 1285 284 II.
1583 257 1643 287 117

420 343 605 376 Orationes
623 344 870 378 disertissimae
1193 346 1252 379 lib.
1273 355 1297 379 1.

418 398 598 443 Epistolae
1194 402 1253 435 lib.
1275 410 1298 435 1.

323 454 420 487 Obiit
445 454 628 500 Augustae
650 455 833 490 Pictonum
855 456 993 490 decurio
1014 467 1104 491 anno
1123 465 1278 492 MDcxv.
1331 458 1419 492 Vide
1440 459 1543 499 infra,
1568 458 1630 492 Jo-

273 520 382 543 (mnes
400 508 585 550 Irlandus,
603 512 662 545 lib.
685 520 739 544 ix.

559 622 809 657 GEORGIUS
834 623 1210 659 BLACVODAEUS.
1263 628 1343 660 203.

273 733 479 767 GEORGIUS
497 734 744 773 BIacvodaeus,
764 735 906 769 Hem-ici
925 740 959 769 et
981 736 1110 770 Adami
1135 737 1256 777 affinis,
1280 738 1542 772 Dumfermilini
1568 751 1626 773 na-

271 794 337 828 tus,
357 801 426 823 non
443 791 510 823 levi
529 791 666 823 nomine
686 790 828 824 Parisiis
846 792 1101 835 philosophiam
1118 793 1306 836 professus,
1324 795 1432 827 edidit

415 845 667 889 compendium
686 847 835 891 Logicae
1186 850 1247 883 lib.
1267 859 1292 882 1.

414 901 666 945 Compendium
685 902 854 946 Physicae
1185 906 1244 939 lib.
1265 915 1290 939 1.

317 957 464 994 Quando
482 957 578 997 obiit,
596 968 665 991 non
682 958 793 1000 reperi
809 970 819 999 ;
847 963 884 991 at
900 958 1128 1002 profitebatur
1146 960 1308 994 Lutetiae
1326 973 1417 996 anno
1437 971 1614 996 MDLXXI.

630 1069 839 1104 THOMAS
864 1069 1134 1105 BICARTON.
1188 1075 1270 1106 204.

271 1179 443 1213 THOMAS
462 1180 628 1214 Bicarton
645 1180 958 1222 Sanctandreanus,
985 1195 1071 1227 quas
1094 1185 1131 1217 in
1157 1184 1272 1218 Scotia
1297 1186 1390 1219 domi
1413 1187 1519 1220 bonas
1538 1193 1627 1221 artes

269 1235 399 1275 didicit,
417 1236 454 1269 in
472 1235 594 1269 Galliis
612 1236 729 1270 docuit
747 1237 840 1280 apud
858 1237 1018 1272 Pictones
1037 1245 1072 1273 et
1088 1239 1281 1275 Xantones.
1334 1241 1457 1276 Edidit

414 1291 637 1324 Miscellanea
1190 1296 1249 1330 lib.
1270 1307 1293 1330 1.

414 1346 580 1380 Poemata
599 1347 726 1381 Latina
1187 1352 1246 1385 lib.
1267 1362 1291 1386 1.

413 1401 580 1436 Poemata
597 1401 730 1436 Gallica
1188 1407 1246 1441 lib.
1267 1417 1291 1441 1.

318 1457 480 1492 Florebat
497 1469 588 1492 anno
608 1468 780 1492 MDcxw.

612 1571 931 1606 ALEXANDER
957 1573 1150 1610 BODIUS.
1202 1579 1282 1610 205.

270 1683 536 1716 ALEXANDER
561 1683 706 1724 Bodius,
734 1684 841 1718 nobili
866 1686 940 1719 loco
965 1691 1080 1726 natus,
1106 1688 1224 1723 literas
1250 1691 1399 1734 optimas
1423 1697 1457 1725 et
1479 1695 1632 1729 studiose

269 1740 374 1772 coluit
400 1744 434 1772 et
459 1739 645 1773 honorifice
670 1741 834 1774 exercuit.
885 1742 1001 1775 Multa
1026 1743 1165 1786 scripsit
1190 1751 1384 1780 memoratu
1414 1749 1628 1793 dignissima.

269 1796 326 1827 sed
344 1806 408 1840 ego
426 1800 563 1829 tantum
581 1797 675 1839 typis
689 1797 853 1830 mandata
867 1798 950 1837 vidi,
964 1799 1113 1843 eleganti
1127 1811 1208 1834 sane
1222 1804 1323 1846 stylo,
1338 1809 1372 1837 et
1385 1805 1629 1848 antiquitatem

270 1851 434 1893 sapiente,

414 1907 681 1952 Epigrammata
1191 1914 1250 1948 lib.
1270 1923 1311 1947 11.

415 1961 608 1996 Heroidum
643 1964 820 2007 Epistolas
857 1967 916 1999 lib.
949 1975 973 1999 1.
1008 1968 1203 2003 imitatione
1233 1969 1416 2010 Ovidiana,
1453 1973 1495 2005 ad
1530 1974 1628 2018 eujus

465 2018 670 2063 dignitatem
689 2031 795 2064 prope
814 2023 966 2056 accessit.

321 2072 419 2106 Obiit
437 2084 528 2106 anno
547 2083 773 2109 MDLxxxn.
792 2077 828 2110 in
847 2078 980 2113 Galliis.

632 2169 885 2206 HENRICUS
914 2175 1133 2211 BRUSIUS.
1186 2178 1267 2212 206.

276 2239 485 2273 HENRICUS
530 2240 678 2274 Brusius
720 2242 871 2277 Fifensis
920 2246 1048 2281 illustri
1097 2251 1336 2285 aestimatione
1386 2255 1439 2287 sui
1491 2260 1525 2288 et
1575 2266 1631 2298 pa-

273 2296 359 2329 triae
396 2295 558 2336 Daniam,
599 2296 817 2338 Sarmatiam,
855 2311 894 2334 ac
931 2301 1153 2339 Germaniam
1196 2307 1371 2347 lustravit,
1414 2310 1627 2354 principibus
