1861 2682
193 290 196 293 p
246 257 305 286 180
616 257 843 288 HISTORIA
867 257 1232 289 ECCLESIASTICA

246 347 457 380 monasterii.
509 352 529 366 “
548 347 613 381 Vir
630 359 775 392 magnae
792 348 981 391 religionis,
1009 352 1042 380 et
1060 359 1196 380 morum
1215 347 1398 381 sanctitate
1422 348 1602 393 integerri-

245 414 333 442 mus,
356 404 421 436 sub
442 404 540 448 cujus
562 404 730 447 regimine
755 403 955 436 donationes
974 404 1103 435 multae
1121 403 1273 435 fidelium
1291 403 1372 435 huic
1391 405 1602 436 monasterio

248 470 310 501 pro
328 459 393 491 Dei
411 459 551 498 honore,
572 463 606 491 et
630 458 664 491 S.
682 458 814 496 Jacobi,
834 458 943 491 factae
961 459 1073 496 sunt‚⁷’
1098 459 1147 490 ait
1172 457 1343 490 Trithem.
1371 459 1409 491 in
1432 459 1603 492 Chronico

246 515 400 558 ejusdem
418 514 627 547 monasterii.
669 513 718 546 Et
740 515 843 556 paulo
866 519 964 557 post:
1000 518 1020 532 “
1039 513 1260 546 Christianus
1278 513 1382 546 abbas
1400 523 1442 546 11.
1461 515 1516 547 vir
1533 525 1604 548 mo·

245 570 342 602 ribus
365 574 399 602 et
424 570 845 613 eruditione-praeclarus,
867 570 965 613 cujus
989 570 1062 601 vita
1083 573 1117 601 et
1139 570 1297 602 doctrina
1320 571 1448 602 multos
1473 571 1515 603 ab
1539 571 1603 602 ini-

245 626 378 668 quitate
395 626 439 658 ad
456 636 613 658 normam
627 625 787 669 justitiae
804 625 1007 657 convertit.''
1057 624 1202 667 Scripsit

388 680 447 713 Ad
480 681 748 714 Embrichonem
782 680 996 724 Episcopum
1029 691 1133 723 super
1167 680 1345 714 fundando
1385 680 1599 714 Monasterio

438 736 547 769 Scotis
1067 736 1125 768 lib.
1146 745 1171 768 Ι.

294 791 392 824 Obiit
408 802 499 824 anno
518 800 722 824 MCLXXIX.
763 791 927 825 Sanctum
945 796 1046 835 putat
1063 793 1280 835 relatumque
1297 792 1333 824 in
1352 796 1488 825 sanctos
1508 792 1603 825 Hen-

246 848 336 880 ricus
354 847 558 886 Fitzsimom
577 852 611 880 et
629 851 708 880 ante
726 858 805 880 eum
822 847 845 880 J
847 859 877 881 0.
897 848 1094 881 Fraserius.

678 958 1033 993 CAELESTINUS.
1085 962 1105 993 3
1112 961 1128 992 1
1135 962 1164 992 2.

246 1071 539 1108 CAELESTINUS‚
562 1069 646 1102 dicti
672 1070 737 1102 loci
759 1070 1005 1103 coenobiarcha
1022 1079 1109 1103 v111.
1135 1071 1315 1104 ordinatus
1339 1070 1382 1103 ab
1406 1070 1535 1104 Ottone
1561 1071 1602 1102 de

246 1126 493 1169 Londemburg
510 1125 669 1167 episcopo
688 1124 942 1168 Herbipolensi.
994 1126 1142 1169 Scripsit

390 1180 432 1213 In
449 1181 599 1213 minores
617 1179 810 1223 Prophetas
1112 1183 1170 1215 lib.
1190 1191 1214 1214 1.

295 1237 393 1270 Obiit
410 1247 501 1269 anno
520 1244 750 1269 Mccxxxlv.
796 1236 902 1270 Rexit
920 1238 1168 1271 monasterium
1186 1238 1286 1271 annis
1304 1245 1360 1269 XI.

759 1347 954 1380 CULDEI.
1006 1350 1086 1380 313.

248 1463 415 1500 CULDE1‚
434 1472 494 1494 seu
513 1461 645 1499 Keldei,
669 1460 860 1493 sacerdotes
882 1465 990 1498 erant,
1016 1461 1076 1504 qui
1103 1460 1146 1493 ab
1171 1460 1317 1493 assiduis
1336 1460 1372 1491 in
1391 1459 1455 1492 fide
1478 1460 1603 1493 labori-

246 1519 311 1551 bus
329 1519 377 1551 sic
395 1518 489 1557 dicti,
509 1518 544 1549 id
561 1522 624 1555 est,
641 1515 761 1549 Deum
780 1515 944 1548 timentes.
994 1515 1083 1549 Vide
1101 1517 1138 1548 in
1155 1515 1339 1558 Apparatu
1354 1525 1429 1548 meo
1448 1516 1491 1548 ad
1506 1515 1600 1549 Hist.

249 1573 339 1607 Scot.
358 1579 392 1607 et
410 1574 468 1607 lib.
489 1583 513 1606 Ι.
538 1584 643 1616 supra
660 1573 697 1604 in
716 1570 901 1604 Auminus.
950 1571 1009 1604 Ex
1025 1571 1150 1604 horum
1168 1581 1309 1614 corpore
1326 1572 1500 1614 praesules
1519 1573 1603 1604 elec-

248 1630 286 1661 ti.
338 1629 556 1672 Scripserunt

392 1684 634 1718 Institutiones
651 1684 695 1716 ad
713 1682 852 1715 Clerum
871 1687 906 1715 et
925 1682 1096 1725 Populum
1114 1681 1286 1715 Scoticum
1375 1681 1434 1714 lib.
1455 1691 1478 1714 1.

298 1741 509 1773 Floruerunt
526 1740 569 1773 ab
586 1740 686 1772 initio
704 1738 782 1770 fidei
800 1749 820 1770 a
838 1738 948 1771 Scotis
970 1742 1125 1781 receptae
1148 1748 1239 1771 anno
1261 1746 1371 1770 CCIII.
1395 1748 1521 1770 nomen
1546 1749 1602 1770 us-

249 1807 314 1839 que
334 1797 376 1829 ad
393 1800 533 1839 patrum
551 1801 749 1828 nostrorum
767 1795 967 1827 memoriam
986 1794 1154 1837 pervenit.

679 1905 1029 1939 COLUMBANUS.
1082 1906 1162 1937 314.

251 2019 458 2052 DUCENTIS
476 2022 510 2050 et
528 2018 676 2060 amplius
693 2021 771 2059 post
789 2016 953 2049 Sanctum
972 2015 1225 2049 Columbanum
1241 2016 1339 2048 annis
1354 2016 1443 2048 vixit
1461 2014 1598 2047 Colum-

251 2075 360 2107 banus
397 2074 485 2106 alius
512 2072 809 2116 hymnographus,
840 2071 939 2115 cujus
968 2076 1019 2104 est
1050 2072 1113 2103 ode
1136 2072 1179 2103 ad
1202 2070 1380 2104 Andr-eam
1404 2071 1600 2113 episcopum

250 2131 290 2162 de
308 2130 405 2162 obitu
423 2129 538 2162 Caroli
557 2128 691 2172 Magni,
717 2127 892 2170 publicata
914 2127 1045 2169 pridem
1068 2128 1159 2160 inter
1182 2126 1318 2160 Rabani
1346 2126 1461 2159 Mauri
1487 2136 1600 2168 opera,

249 2197 309 2218 seu
327 2189 485 2228 poemata
502 2195 522 2217 a
539 2183 583 2216 R.
603 2184 643 2216 P.
662 2183 839 2216 Browero.
883 2182 925 2214 In
943 2193 983 2214 ea
999 2193 1035 2215 se
1052 2182 1229 2215 nominat:

544 2254 571 2281 O
587 2253 767 2285 columbane,
782 2253 887 2289 stringe
901 2256 964 2279 tuas
977 2252 1121 2289 lacrymas,

540 2300 640 2328 Preces
653 2299 766 2327 effunde
780 2308 828 2336 pro
842 2298 890 2326 illo
903 2297 938 2326 ad
953 2297 1115 2325 Dominum.
