1861 2682
283 219 344 249 262
654 218 879 250 HISTORIA
904 216 1264 248 ECCLESIASTICA

288 313 330 344 ad
356 313 430 345 loca
453 315 570 345 sancta
601 314 635 343 et
665 310 786 342 limina
810 310 1045 350 apostolorum
1071 307 1256 350 profectus,
1284 306 1431 339 Tolosae
1456 306 1638 345 substitit3

287 380 374 410 quae
392 369 486 407 urbs,
507 377 584 400 cum
600 365 798 399 Occitaniae
810 365 855 396 sit
869 368 982 405 caput,
1001 368 1035 395 et
1048 362 1326 405 XVisigothorum
1340 363 1445 405 regia,
1461 362 1523 394 hac
1537 363 1638 396 laude

288 424 506 466 potissimum
537 421 741 459 inclarescit,
773 424 813 452 ut
843 429 920 451 cum
951 419 1084 460 reliqua
1114 417 1237 455 Gallia,
1273 418 1472 450 calamitoso
1501 419 1639 451 turbine

287 485 373 518 acta,
391 491 452 512 nec
470 483 591 522 sponte
609 488 682 516 sua,
697 476 888 508 haereticos
903 474 1103 507 orthodoxis
1121 473 1293 505 admixtos
1312 473 1447 511 habeat,
1467 484 1504 506 ac
1518 475 1639 507 saltem

287 536 391 580 regiis
410 535 529 568 edictis
548 538 664 566 coacta
681 532 861 567 sustineat,
882 530 1036 562 Palladia
1054 529 1136 561 haec
1155 529 1248 567 urbs,
1268 528 1400 561 Brenni
1422 530 1528 567 sedes,
1554 531 1641 563 alter

287 590 479 624 Galliarum
510 590 639 627 oculus,
665 593 699 620 et
725 591 864 619 senatus
891 587 987 623 alter,
1014 595 1191 627 nunquam
1219 584 1446 617 heterodoxos
1472 585 1639 622 habitare,

287 648 352 689 piis
383 646 535 679 coetibus
559 644 695 676 misceri
720 643 840 675 voluit.
893 641 934 673 In
961 641 1023 673 hac
1049 640 1271 673 scientiarum
1298 641 1438 673 alumna
1464 647 1497 674 et
1523 643 1641 674 altrice

288 708 404 736 noster
428 702 484 734 hic
509 700 691 737 residebat,
718 702 853 730 creatus
879 697 1139 730 archidiaconus
1165 695 1200 728 S.
1229 695 1347 728 Petri:
1375 707 1453 729 cum
1480 698 1642 731 haeretici

288 758 441 795 Arriani,
466 757 538 789 sive
557 753 636 787 boni
660 752 823 792 homines,
849 758 889 786 ut
915 764 950 785 se
976 752 1074 794 impii
1102 752 1280 790 vocabant,
1309 750 1457 785 Girardo
1484 754 1641 786 Albiensi

288 815 446 858 episcopo
464 812 680 849 sisterentur,
699 811 734 843 in
753 821 963 843 assessorum
983 819 1166 840 numerum
1190 807 1317 840 eximio
1340 808 1464 840 merito
1483 808 1571 841 Ellis
1592 814 1643 841 est

288 874 454 912 receptus.
507 867 630 910 Itaque
647 878 750 899 causa
768 867 968 909 disceptata,
995 864 1076 896 mali
1100 864 1151 896 illi
1169 863 1327 896 homines
1345 863 1388 895 ab
1405 864 1545 896 ecclesia
1563 869 1643 897 sunt

288 925 482 968 proscripti,
500 935 578 956 cum
597 924 681 956 duce
700 933 762 955 suo
777 921 905 965 perfido
920 920 1096 958 Olim-503
1117 923 1151 951 et
1163 920 1277 951 nescio
1294 918 1381 962 [quo
1393 919 1510 963 pacto]
1528 925 1644 953 noster

289 982 343 1014 hic
374 982 409 1013 in
438 992 477 1013 eo
504 979 646 1013 consilio
673 978 887 1023 Agathensis
918 976 1179 1009 archidiaconus
1211 974 1415 1012 subscribat,
1448 976 1513 1008 nisi
1546 976 1644 1013 forte,

290 1038 370 1080 quia
389 1042 464 1069 tum
483 1036 622 1069 demum
640 1034 802 1079 Agathae
821 1033 935 1066 sedem
953 1033 1104 1076 elegerit.
1157 1030 1303 1073 Scripsit
1323 1030 1452 1063 editum

433 1092 564 1126 Contra
581 1091 776 1124 Oliverium
795 1088 986 1122 Arrialmm
1304 1086 1362 1119 lib.
1383 1095 1406 1118 Ι.

434 1149 503 1181 Pro
521 1147 740 1180 Auctoritate
757 1146 939 1188 utriusque
958 1143 1173 1176 Testamenti
1303 1142 1362 1174 lib.
1384 1151 1406 1174 1.

432 1205 491 1237 Ad
508 1203 704 1236 Gilbertum
722 1201 992 1246 Lugdunensem
1012 1198 1222 1241 Episcopum
1298 1197 1355 1230 lib.
1377 1207 1399 1230 1.
1425 1208 1512 1240 quae
1531 1199 1645 1230 omnia

482 1261 518 1293 in
537 1269 699 1302 processu
715 1261 864 1291 exstant.

340 1318 475 1351 Claruit
493 1327 583 1349 anno
603 1322 773 1347 Mexixvi.

745 1425 785 1457 Β.
813 1422 1065 1456 EDMERUS.
1117 1424 1196 1455 484.

294 1543 335 1576 B.
356 1542 566 1578 Enmmms,
584 1550 627 1573 ex
645 1538 689 1571 D.
708 1536 901 1581 Augustini
920 1534 1165 1568 cantuariensi
1184 1533 1346 1566 coenobio
1365 1537 1550 1571 extractus,
1577 1534 1647 1576 epi-

294 1609 415 1641 scopus
430 1597 463 1630 S.
477 1596 637 1629 Andreae
651 1597 879 1631 consecratus,
895 1596 975 1623 ante
988 1601 1116 1623 annum
1133 1590 1327 1622 absolutum
1343 1589 1385 1621 ad
1400 1590 1647 1622 monasterium

295 1655 406 1691 rediit,
425 1653 581 1686 abdicato
598 1649 812 1693 pontificatu.
863 1647 989 1691 Roger.
1011 1647 1051 1678 de
1071 1645 1239 1679 Hoveden
1264 1649 1353 1688 part.
1374 1653 1397 1676 Ι.
1417 1644 1544 1677 Annal.
1570 1655 1646 1687 pag.

297 1720 493 1745 ccrxxffl.
544 1709 689 1751 Scripsit

442 1766 633 1799 Historiam
652 1771 823 1795 novorum
840 1761 877 1793 in
895 1759 1025 1802 Anglia
1204 1756 1263 1789 lib.
1283 1765 1307 1788 1.
1336 1755 1538 1788 Holinshed.

439 1823 559 1855 Vitam
577 1820 612 1853 S.
631 1818 788 1852 Anselmi
1210 1812 1268 1844 lib.
1289 1821 1312 1844 1.

442 1877 599 1921 Depositi
619 1876 849 1919 Episcopatus
868 1871 1034 1904 Rationes
1208 1867 1266 1900 lib.
1287 1877 1310 1900 Ι.

445 1934 617 1967 Homilias
634 1942 748 1964 sacras
1211 1923 1268 1956 lib.
1291 1932 1313 1955 1.

444 1990 619 2034 Epistolas
638 1987 680 2020 ad
698 1984 963 2019 cantuarienses
1206 1979 1265 2012 lib.
1287 1989 1311 2012 1.

445 2047 502 2080 Ad
520 2055 618 2078 suam
636 2042 827 2075 Ecclesiam
1213 2036 1271 2068 lib.
1293 2044 1316 2067 Ι.

348 2104 482 2138 Claruit
516 2100 579 2134 sub
609 2097 809 2131 Alexandro
844 2095 871 2127 I.
912 2099 944 2127 et
980 2094 1113 2126 Davide
1145 2092 1171 2124 Ι.
1207 2091 1339 2125 Scotiae
1374 2091 1524 2134 regibus,
1562 2103 1652 2124 aimo

304 2169 446 2194 mcxxi.
499 2157 588 2190 Aliis
608 2155 801 2187 Eadmerus
820 2156 974 2185 vocatur.
