1861 2682
616 237 788 269 GENTIS
813 236 1084 274 SCOTORUM,
1109 235 1197 267 LIB.
1222 236 1298 266 Vll.
1577 237 1636 266 301

282 331 507 364 Hermannus
526 329 734 363 Contractus
755 330 792 362 in
816 329 989 363 Chronico
1018 329 1062 362 ad
1089 339 1168 362 eum
1196 337 1348 367 annum;
1378 327 1465 360 obiit
1491 328 1638 371 denique¹

278 398 370 421 anno
388 395 508 420 DCXL.
530 385 658 419 Caesar
683 385 857 419 Baronius
883 390 918 418 et
944 386 1014 425 alii,
1042 390 1121 428 post
1146 385 1337 418 adventum
1363 395 1465 417 suum
1491 384 1529 416 in
1555 384 1639 417 Ger-

278 443 429 476 maniam
449 453 540 476 anno
559 451 703 475 XXXVI.
754 442 914 485 Denique
931 441 1122 475 versiculus
1140 442 1197 474 ille
1214 442 1353 485 elegans
1370 451 1442 473 non
1465 444 1518 474 est
1541 451 1639 484 prae-

278 499 525 533 termittendus
543 499 580 532 in
599 498 853 543 Martyrologio
870 497 1036 536 Usuardi,
1054 497 1110 530 die
1124 498 1200 542 jam
1217 507 1318 540 saepe
1336 497 1444 530 dicto:

533 576 593 611 Qui
609 576 710 604 Scotus
724 581 817 610 natus,
832 586 897 604 cum
912 576 1012 605 Suevis
1026 575 1142 605 collocat
1156 581 1242 604 artus.

713 679 748 713 S.
776 679 1065 714 GERMANUS.
1119 682 1200 713 558.

275 778 310 811 S.
330 776 527 810 GIBRIANI
544 776 670 810 fratres
688 780 819 820 septem
838 787 917 809 eum
935 787 1005 809 non
1023 787 1066 809 ex
1090 776 1272 815 Hibernia,
1296 782 1336 811 ut
1360 778 1449 810 male
1474 777 1639 811 Flodoar-

273 835 338 867 dus
358 833 454 866 Hist.
474 833 644 866 Rhemen.
663 833 722 865 lib.
743 841 794 865 IV.
814 842 887 876 cap.
908 841 963 865 IX.
982 833 1069 872 vult,
1096 833 1153 866 sed
1180 843 1223 865 ex
1246 832 1373 872 Scotia,
1397 838 1439 866 ut
1461 833 1553 866 infra
1576 833 1640 866 hoc

274 900 376 934 opere
394 889 610 932 probabitur,
632 889 753 927 secuti,
776 889 975 933 religiosam
998 888 1108 922 vitam
1132 889 1169 922 in
1193 888 1383 922 Rhemensi
1401 894 1518 923 tractu
1534 890 1639 923 duxe-

275 951 369 984 runt,
397 945 566 984 Tesanus,
594 943 782 983 Tresanus,
810 943 1017 984 Germanus,
1043 944 1214 984 veranus,
1245 945 1422 985 Abranus,
1454 946 1638 984 Petranus,

274 1012 393 1036 omnes
418 1006 617 1034 sanctorum
643 1001 722 1034 albo
747 1001 888 1043 ascripti
916 1000 1047 1034 Molan.
1075 1001 1112 1034 in
1138 1001 1256 1034 Natal.
1284 1001 1344 1034 SS.
1370 1002 1486 1046 Belgii
1504 1002 1560 1035 die
1581 1011 1638 1035 111.

275 1057 437 1090 Decemb.
456 1057 619 1090 observat
637 1056 809 1101 Georgius
836 1056 1062 1090 Colvenerius
1089 1057 1284 1102 theologus.
1334 1057 1408 1091 Nec
1431 1058 1473 1091 de
1497 1057 1531 1091 S.
1557 1057 1641 1091 Ger-

273 1124 376 1146 mano
393 1114 581 1157 quicquam
599 1113 761 1155 comperi,
783 1123 822 1145 ac
840 1113 955 1146 nescio
972 1124 1017 1146 an
1035 1113 1168 1157 aliquid
1187 1114 1374 1157 scripserit.
1427 1113 1563 1147 Claruit
1581 1125 1640 1147 an-

273 1180 318 1202 no
338 1177 423 1202 DIX.
475 1169 566 1202 Vide
583 1168 678 1201 infra
694 1169 736 1201 de
755 1168 927 1202 Gibirino.

707 1280 742 1314 S.
770 1280 1073 1315 GERVADIUS.
1126 1284 1209 1320 559.

274 1398 294 1412 ‘⁶
320 1393 356 1426 S.
384 1392 636 1432 GERVADIUS,
662 1393 843 1437 episcopus
869 1393 1029 1439 insignis,
1056 1394 1190 1428 Christi
1215 1395 1388 1440 dogmatis
1415 1397 1453 1429 in
1479 1396 1641 1430 Moravia

274 1449 527 1488 concionator,”
545 1450 594 1483 ait
614 1448 716 1483 Hect.
735 1449 862 1483 Boeth.
880 1450 940 1483 lib.
959 1459 998 1484 X.
1023 1450 1118 1484 Hist.
1139 1451 1230 1485 Scot.
1245 1463 1325 1497 pag.
1345 1460 1451 1485 CXCI.
1490 1452 1525 1485 S.
1544 1453 1640 1487 habi-

274 1511 342 1538 tus.
385 1505 407 1537 J
410 1516 487 1538 oan.
506 1505 672 1539 Leslaeus
689 1506 749 1539 lib.
770 1514 806 1539 V.
841 1506 961 1540 Uvion
978 1507 1039 1541 lib.
1056 1516 1116 1541 111.
1135 1507 1215 1554 Lig.
1235 1508 1339 1542 Vitae
1357 1519 1435 1554 pag.
1456 1517 1639 1542 CCCCXVI.

273 1561 365 1606 Ejus
384 1567 490 1595 sunt:

417 1617 670 1651 Enarrationes
688 1629 805 1651 sacrae
823 1617 1023 1662 Scripturae
1242 1621 1302 1654 lib.
1324 1630 1347 1654 Ι.

416 1674 608 1708 Conciones
627 1675 704 1718 piae
1242 1677 1302 1710 lib.
1323 1687 1347 1710 1.

320 1730 485 1764 Florebat
501 1731 567 1764 sub
584 1731 723 1764 Achato
740 1741 832 1776 rege,
850 1736 1006 1774 tempore
1024 1731 1142 1766 Caroli
1161 1732 1285 1778 Magni
1300 1734 1531 1778 imperatoris,
1549 1746 1639 1769 anno

274 1795 496 1820 DCCCXVIII.
515 1792 577 1820 aut
595 1787 742 1820 circiter.
794 1787 898 1820 Alius
916 1799 937 1821 a
954 1787 989 1821 S.
1005 1787 1192 1829 Gervadio,
1211 1789 1449 1824 Murraviensi
1464 1792 1635 1835 episcopo,

272 1844 313 1876 de
331 1854 401 1886 quo
420 1843 535 1883 infra;
555 1855 636 1877 nam
655 1844 711 1876 hic
729 1844 809 1877 licet
826 1845 945 1877 eodem
965 1849 1120 1888 tempore
1138 1856 1217 1879 cum
1235 1847 1314 1886 alio,
1332 1847 1490 1881 diversus
1508 1852 1635 1886 tamen,

273 1905 307 1933 et
325 1899 597 1934 Brechinensem
615 1900 708 1934 rexit
726 1900 914 1933 ecclesiam.

718 2012 753 2045 S.
782 2012 1052 2048 GIBIRINUS.
1106 2013 1186 2048 560.

275 2128 293 2142 ·”’
321 2123 355 2156 S.
383 2123 609 2163 G1B1R1NUS,
639 2125 700 2167 qui
731 2126 808 2158 aliis
840 2125 1029 2160 Gibrianus
1060 2127 1194 2167 Scotus,
1227 2128 1373 2162 Rhemis
1404 2130 1440 2162 in
1470 2130 1635 2163 coenobio

274 2179 376 2213 Beati
406 2180 560 2225 Remigii
591 2181 713 2213 multis
743 2182 849 2214 claret
879 2182 1082 2222 virtutibus,
1112 2187 1147 2217 et
1175 2185 1287 2218 multo
1314 2185 1435 2228 populi
1466 2196 1635 2219 concursu

273 2236 549 2280 frequentatur,”
588 2237 638 2270 ait
675 2248 870 2281 anonymus
907 2239 1098 2273 monachus
1137 2241 1174 2273 in
1209 2240 1379 2274 Auctario
1414 2240 1636 2275 Gemblacen-

273 2293 301 2325 si
334 2293 376 2325 ad
407 2303 539 2326 annum
570 2302 724 2327 MCXLV.
762 2293 996 2329 Rhemensem
1027 2295 1265 2341 episcopatum
1293 2298 1349 2341 pie
1376 2298 1636 2332 administrasse
