1861 2682
220 229 282 260 :326
603 232 829 265 HISTORIA
854 233 1217 266 ECCLESIASTICA

225 322 408 356 Christum
437 328 569 363 natum,
605 335 742 357 summa
770 324 952 368 majestate
982 325 1157 368 perduxit,
1186 327 1241 360 uti
1270 327 1457 361 meminere
1484 328 1506 361 J
1509 340 1584 363 oan.

225 377 397 412 Trithem.
418 379 506 412 Sixt.
527 379 667 413 Senens.
686 380 724 412 in
742 380 960 414 Bibliotheca
979 380 1115 420 Sancta,
1130 386 1164 414 et
1177 381 1291 416 Lilius
1310 382 1485 426 Gyraldus
1504 385 1588 418 Fer-

225 435 388 468 rariensis
407 435 465 468 lib.
487 444 521 468 v,
542 436 583 469 de
602 435 719 469 Poetis
738 436 887 474 Latinis,
905 437 985 469 licet
1002 441 1105 480 gente
1122 447 1192 470 non
1216 449 1389 481 expressa.
1440 439 1586 483 Scripsit

367 490 628 535 Allegoriarum
648 502 764 526 sacrae
782 491 984 534 Scripturae
1146 493 1205 526 lib.
1226 502 1250 526 1.

371 547 607 581 Homiliariun
858 580 862 585 ,
1143 549 1202 582 lib.
1223 559 1247 582 1.

368 602 610 647 Epistolarum
1146 605 1206 638 lib.
1226 614 1260 637 V.

369 659 573 693 Poematum
593 659 801 693 Latinorum
819 660 996 694 variorum
1142 660 1200 693 lib.
1222 669 1246 693 1.

275 716 352 754 Qua
371 721 482 749 aetate
501 716 640 755 vixerit,
658 717 852 750 incertum:
877 720 979 759 putat
997 715 1117 749 Sixtus
1141 715 1303 750 Senensis
1320 715 1476 750 floruisse
1495 729 1585 752 anno

226 781 261 803 D.
280 771 345 805 sub
362 771 561 805 Anastasio.

686 868 989 903 GUILLAMUS.
1043 868 1124 907 609.
1167 863 1170 865 ’

226 942 481 982 GUILLAMUS,
510 953 644 975 carcere
666 942 863 985 mancipato
888 941 1024 975 Davide
1050 941 1196 980 Betono‚
1222 941 1257 975 S.
1284 941 1447 976 Andreae
1472 943 1585 976 archi-

225 999 395 1042 episcopo,
410 998 443 1032 S.
462 999 505 1032 R.
522 998 566 1032 E.
582 999 766 1037 cardinale,
780 997 964 1031 afactiosis
982 998 1192 1041 proceribus,
1212 1002 1247 1032 et
1260 998 1386 1032 comite
1399 998 1582 1038 Arraniae,

225 1055 322 1099 regni
342 1055 585 1099 gubernatore,
612 1066 674 1088 seu
691 1059 825 1097 sponte,
851 1065 912 1087 seu
937 1054 1081 1093 invitus,
1107 1054 1200 1098 quod
1225 1055 1343 1097 potius
1368 1055 1583 1094 crediderim,

225 1111 374 1144 vicarius
394 1111 545 1144 Romani
563 1110 735 1154 pontificis
753 1121 815 1153 per
840 1110 1042 1144 universum
1069 1121 1216 1155 regnum
1243 1110 1378 1144 Scotiae
1403 1112 1583 1144 renuncia-

224 1172 292 1206 tus,
315 1173 456 1211 sumpta
478 1167 672 1211 Apostolici
697 1167 821 1212 Legati
840 1177 996 1209 persona,
1015 1167 1238 1200 concionibus
1256 1167 1485 1200 acerbissimis
1503 1168 1580 1210 plu-

225 1224 353 1257 rimum
380 1225 429 1257 rei
456 1224 677 1257 Christianae
702 1223 859 1256 nocuisse
885 1223 1099 1256 censebatur.
1153 1222 1255 1256 Joan.
1280 1223 1444 1256 Leslaeus
1462 1223 1520 1256 lib.
1542 1232 1579 1255 x.

222 1291 300 1323 pag.
321 1289 469 1313 CDLXV.
520 1279 667 1323 Scripsit

367 1336 549 1369 Sermones
567 1336 609 1369 ad
629 1336 793 1369 Proceres
812 1340 847 1368 et
866 1334 1005 1368 Plebem
1096 1334 1155 1368 lib.
1176 1344 1199 1367 Ι.

366 1392 515 1426 Decreta
532 1392 776 1425 Ecclesiastica
1095 1390 1153 1424 lib.
1174 1399 1198 1422 1.
1239 1401 1259 1423 a
1288 1390 1415 1432 quibus
1446 1392 1518 1423 vim
1549 1397 1583 1424 et

418 1448 525 1482 robur
542 1448 704 1486 haeresis,
722 1447 908 1491 perniciem
927 1447 1010 1480 fides
1032 1446 1211 1480 Catholica
1235 1446 1387 1488 accepit;
1414 1447 1487 1479 sive
1510 1447 1583 1489 ipse

416 1505 466 1538 ita
483 1505 605 1544 voluit,
624 1515 686 1537 seu
703 1503 840 1537 sectarii
858 1503 893 1536 id
911 1504 962 1536 illi
980 1503 1232 1545 imposuerunt,
1245 1512 1289 1534 ne
1306 1501 1491 1544 quicquam
1509 1503 1583 1535 sine

415 1561 623 1594 auctoritate
652 1561 820 1593 innovare
846 1560 1059 1597 viderentur,
1085 1569 1126 1591 eo
1151 1562 1268 1591 tamen
1294 1558 1437 1591 vulnere
1462 1559 1581 1591 lethali

415 1617 539 1661 religio
556 1617 649 1660 apud
667 1620 840 1649 nostrates
859 1614 985 1648 afflicta
1008 1625 1189 1658 nunquam
1212 1614 1326 1646 denuo
1349 1614 1536 1653 convaluit,
1563 1627 1582 1647 o

415 1674 589 1718 majorum
624 1672 735 1715 pietas
752 1672 758 1704 Ι
801 1670 843 1704 Id
877 1675 993 1704 actum
1032 1670 1249 1713 inauspicato
1282 1674 1316 1702 et
1353 1669 1492 1703 funesto
1526 1671 1581 1703 die

419 1738 550 1763 xxvn.
570 1728 753 1762 Februarii
771 1738 862 1761 anno
882 1735 1064 1759 MDXLm.

369 1787 421 1820 De
439 1786 564 1819 Bibliis
583 1785 769 1817 vernacula
785 1783 926 1828 Lingua
946 1782 1113 1815 habendis
1254 1781 1313 1814 lib.
1336 1790 1357 1814 1.
1377 1782 1579 1815 damnatum

416 1842 557 1875 indubie
575 1851 672 1884 opus,
691 1845 725 1873 et
742 1851 763 1873 a
779 1850 849 1883 quo
866 1839 962 1872 fonte
979 1839 1105 1871 mirum
1124 1842 1293 1881 quantum
1318 1837 1520 1871 incrementi
1544 1839 1581 1871 in

412 1909 530 1932 omnes
547 1897 704 1930 haereses
721 1896 928 1929 derivatum.

275 1956 302 1989 F
306 1956 411 1989 loruit
429 1965 520 1988 anno
539 1961 722 1986 MDXLHI.
749 1956 789 1985 ut
806 1951 948 1990 monui3
975 1961 1076 1993 quem
1100 1950 1232 1983 exitum
1250 1949 1363 1982 honor
1380 1949 1437 1982 ille
1455 1950 1582 1993 impor-

223 2020 328 2046 tunus
347 2011 519 2049 habuerit,
537 2020 608 2043 non
625 2009 755 2042 inveni.

642 2120 684 2153 B.
713 2118 1031 2153 GOSCELINUS.
1083 2118 1164 2152 610.

222 2239 264 2278 B.
310 2237 575 2273 GOSCELINUS‚
630 2233 827 2273 Gocelinus,
881 2232 1068 2270 Jocelinus,
1117 2231 1337 2264 Glascuensis
1389 2230 1578 2272 episcopus,

223 2308 240 2327 a
291 2294 481 2327 wilhelmo
530 2302 611 2336 rege
662 2290 812 2323 Romam
862 2293 981 2323 orator
1026 2288 1164 2327 missus,
1215 2285 1579 2320 excommunicationis
