1861 2682
628 294 798 327 GENTIS
822 293 1091 332 SCOTORUM,
1116 293 1202 325 LIB.
1228 293 1272 324 ΙΙ.
1597 295 1637 324 77

420 387 684 431 Expositionem
702 387 862 420 Psalterii
1189 386 1249 419 lib.
1270 394 1293 418 Ι.

418 443 660 476 Collectionem
679 442 860 475 Canonum
877 453 1052 475 sacrorum
1185 442 1244 474 lib.
1265 450 1289 474 1.

418 498 470 532 De
497 498 670 542 Baptismi
696 498 923 531 Caerimoniis
950 496 1167 540 Epistolam;
1198 507 1303 540 quam
1333 497 1421 530 male
1454 495 1628 529 Henricus

464 554 625 588 Canisius
654 554 795 587 Alcuini
830 552 922 586 Scoti
952 554 1090 586 nomine
1120 553 1320 596 publicavit,
1350 563 1429 585 cum
1459 551 1493 585 S.
1525 551 1627 584 Bari-i

461 620 547 652 opus
565 620 638 642 esse
655 610 770 652 ipsum
794 619 919 642 nomen
941 608 1132 652 praefixum
1156 609 1193 641 in
1216 608 1423 641 bibliotheca
1445 609 1540 652 regia
1563 614 1629 641 tes-

463 670 567 703 tetur,
592 669 627 698 et
648 665 715 697 viri
739 665 787 708 pii
811 675 903 703 cura,
926 665 987 708 qui
1010 670 1211 707 pereuntem
1232 664 1440 697 sanctissimi
1458 663 1626 696 antistitis

463 721 663 753 memoriam
690 721 854 760 restituit,
880 720 972 754 hisce
995 720 1149 763 apicibus
1173 730 1316 763 operum
1340 730 1475 753 mecum
1492 719 1625 763 pridem

463 777 735 810 communicatis.

316 833 452 868 Claruit
473 843 564 866 anno
590 840 769 866 MLxxlx.
795 832 942 871 Colitur,
965 833 1103 875 templis
1127 836 1161 866 et
1183 832 1253 865 aris
1276 832 1395 865 multis
1421 831 1519 876 regni
1545 831 1627 864 locis

269 891 400 928 erectis,
418 890 472 922 die
491 897 588 921 XXV.
607 887 780 932 Septemb.
823 888 981 921 Breviar.
1000 887 1124 920 Scotic.
1166 887 1258 921 Acta
1275 888 1421 921 certiora
1437 888 1625 931 perierunt.

750 998 784 1032 S.
812 997 1020 1032 BLANUS.
1074 997 1154 1032 136.

267 1114 301 1147 S.
329 1114 495 1147 BLANUS
520 1119 554 1147 et
579 1113 821 1147 ardentissimo
846 1112 986 1156 pietatis
1012 1117 1094 1146 voto
1119 1113 1221 1145 vivus
1247 1113 1415 1156 populum
1445 1122 1547 1145 suum
1574 1123 1627 1145 re-

269 1170 331 1208 xit,
364 1174 397 1202 et
424 1169 639 1202 creberrimis
665 1168 849 1201 defunctus
874 1168 1049 1201 miraculis
1075 1168 1223 1212 adjuvit,
1249 1173 1284 1201 et
1308 1169 1381 1212 ipse
1407 1179 1449 1201 ex
1475 1168 1626 1206 Culdeis‚

266 1229 437 1267 quantum
467 1223 635 1267 suspicari
666 1223 756 1261 licet,
786 1223 930 1256 antistes
965 1225 1092 1257 electus
1126 1224 1338 1267 episcopatui
1373 1223 1626 1256 Dumblanensi

266 1280 532 1323 appellationem
565 1278 671 1311 dedit.
738 1277 858 1311 Vitam
893 1278 969 1322 ejus
1008 1278 1179 1323 Georgius
1221 1279 1415 1319 Neutonus‚
1459 1279 1629 1312 Dumbla-

266 1336 382 1369 nensis
400 1335 672 1372 archidiaconus,
690 1338 743 1366 est
759 1333 968 1375 complexus,
987 1344 1075 1377 quae
1092 1334 1164 1367 fere
1182 1335 1231 1367 sic
1248 1346 1284 1368 se
1302 1335 1416 1368 habet.
1443 1335 1478 1368 S.
1499 1334 1627 1368 Catha-

265 1403 342 1431 nus,
361 1391 540 1434 episcopus
559 1389 761 1427 Hiberniae,
780 1393 822 1421 ut
839 1389 1014 1422 solitariae
1032 1389 1125 1422 vitae
1143 1390 1333 1432 impensius
1357 1396 1505 1429 vacaret,
1532 1391 1628 1423 venit

266 1449 304 1481 in
333 1447 484 1480 insulam
515 1445 684 1479 Scoticam
713 1444 855 1484 Butam,
886 1454 1024 1488 unaque
1058 1455 1173 1478 secum
1207 1445 1308 1478 duxit
1341 1456 1493 1478 sororem
1528 1456 1627 1478 suam

266 1503 403 1537 unicam
429 1501 589 1539 Ertham,
615 1512 703 1544 quae
728 1511 853 1544 aquam
879 1500 1048 1534 haustura
1071 1501 1174 1534 domo
1196 1501 1286 1534 forte
1311 1511 1503 1546 progressa,
1529 1512 1550 1534 a
1570 1502 1628 1546 ju—

266 1570 353 1592 vene
377 1557 639 1595 formosissimo,
665 1556 799 1599 sibique
824 1557 955 1601 ignoto,
980 1568 1043 1600 per
1068 1557 1140 1590 vim
1166 1561 1218 1590 est
1243 1567 1459 1600 eompressa3
1486 1567 1529 1590 ex
1558 1567 1627 1601 quo

266 1614 452 1648 concubitu
481 1613 515 1646 S.
548 1613 680 1645 Blanus
711 1616 826 1651 natus,
856 1613 917 1656 qui
946 1624 1025 1646 cum
1054 1618 1165 1646 matre
1196 1612 1322 1657 exiguo
1355 1613 1468 1646 lembo
1501 1623 1543 1646 ex
1574 1624 1627 1646 co·

268 1671 320 1704 rio
346 1670 472 1703 bovino
498 1669 692 1712 impositus,
718 1673 759 1701 ut
784 1673 818 1701 et
844 1668 1001 1701 adultera
1025 1673 1059 1702 et
1084 1674 1206 1712 partus
1231 1668 1335 1701 simul
1361 1669 1398 1701 in
1423 1669 1511 1702 mari
1536 1669 1627 1711 peri-

267 1731 354 1765 rent,
385 1725 444 1758 sed
474 1724 539 1757 Dei
567 1724 781 1768 benignitate
807 1724 844 1757 in
874 1728 1015 1766 portum
1044 1735 1210 1767 myoparo
1238 1725 1416 1767 applicuit,
1446 1735 1524 1757 cum
1554 1729 1627 1757 toto

269 1783 390 1815 itinere
420 1781 493 1814 avis
524 1780 693 1823 quaedam
722 1780 888 1824 grandior
916 1779 1026 1822 pisces
1056 1780 1197 1812 alendae
1225 1791 1414 1823 puerperae
1440 1780 1624 1812 attulisset.

269 1837 397 1870 Littori
421 1836 602 1880 applicitos
628 1834 687 1868 SS.
715 1834 903 1879 Congallus
929 1840 963 1869 et
988 1835 1193 1868 Kennethus
1223 1836 1535 1879 deprehenderunt,
1565 1837 1626 1879 qui

268 1893 318 1926 rei
352 1892 498 1925 veritate
531 1896 716 1934 comperta,
752 1891 971 1934 baptismatis
1004 1890 1099 1924 fonte
1129 1901 1275 1934 puerum
1305 1891 1462 1930 bearunt,
1498 1891 1558 1934 qui
1588 1891 1624 1924 in

271 1948 398 1991 pietate
415 1953 449 1981 et
473 1948 583 1980 literis
606 1947 671 1980 sub
694 1948 833 1980 illorum
857 1957 939 1980 cura
961 1946 1103 1979 mirifice
1126 1946 1281 1989 profecit,
1305 1957 1344 1979 ac
1367 1947 1506 1979 tandem
1530 1946 1626 1979 adul-

269 2004 337 2037 tior
361 2002 483 2041 factus‚
509 2003 609 2036 venia
635 2003 678 2036 ab
703 2003 861 2046 episcopo
886 2003 1080 2045 impetrata,
1109 2002 1238 2035 Butam
1263 2002 1414 2045 repetiit,
1439 2002 1499 2035 ubi
1517 2012 1625 2035 avun-

271 2060 386 2092 culum
410 2068 512 2090 suum
535 2058 732 2091 Cathanum
751 2059 825 2103 jam
849 2059 945 2092 senio
967 2058 1116 2091 fractum
1140 2058 1305 2097 offendit3
1332 2069 1352 2091 a
1374 2069 1454 2102 quo,
1478 2063 1552 2091 tota
1576 2058 1625 2090 vi-

271 2120 326 2147 tae
352 2113 440 2146 serie
465 2114 613 2157 cognita,
640 2114 682 2146 ad
708 2115 844 2147 eosdem
867 2115 1042 2157 episcopos
1065 2114 1230 2147 remissus
1253 2119 1316 2153 est,
1339 2119 1379 2147 ut
1401 2124 1515 2147 sacros
1533 2114 1625 2147 ordi-

271 2180 330 2203 nes
349 2169 392 2202 ab
409 2169 452 2201 iis
469 2169 646 2212 reciperet.
697 2169 791 2202 Tum
809 2169 958 2203 Romam
980 2171 1157 2209 concessit,
1180 2175 1221 2204 ut
1244 2181 1341 2203 sacra
1357 2171 1431 2203 loca
1447 2170 1622 2208 inviseret,

271 2233 305 2259 et
335 2236 355 2258 a
385 2235 520 2258 summo
550 2224 711 2267 pontifice
740 2224 986 2258 benedictionis
1015 2236 1143 2259 munus
1177 2231 1464 2269 consequeretur:
1505 2226 1541 2258 in
1570 2235 1622 2257 re-

271 2292 392 2326 gressu
426 2280 604 2313 Gallorum
637 2280 729 2324 regis
763 2280 949 2313 amicitiam
984 2282 1186 2323 promeruit,
1222 2286 1256 2315 et
1293 2281 1489 2326 Anglorum
1529 2280 1620 2323 regis

271 2337 381 2370 filium
409 2336 611 2370 defunctum
641 2336 803 2369 excitavit
834 2335 878 2369 ad
905 2336 1021 2370 vitam.
1070 2336 1219 2370 Demum
1247 2336 1443 2371 beatissima
1469 2336 1540 2370 vita
1565 2335 1620 2368 de·
