1861 2682
609 252 781 284 GENTIS
806 251 1077 290 SCOTORUM,
1102 252 1188 284 LIB.
1210 253 1285 284 VII.
1570 255 1632 283 315

275 346 311 378 in
329 356 368 378 ea
386 345 634 378 testimoniales
653 344 798 378 Gerardi
817 345 946 382 literas,
972 343 1161 388 pontificali
1188 345 1298 389 ipsius
1323 344 1438 389 sigillo
1456 346 1631 378 munitas:

275 402 439 444 reliquiae
457 401 717 444 conspiciuntur
735 401 771 433 in
790 412 890 433 muro
908 411 968 443 per
985 400 1115 434 ferreos
1141 401 1341 434 cancellos.”
1368 400 1528 434 Historia
1553 402 1631 435 Sco-

275 458 342 490 tica
357 457 432 489 MS.
447 457 538 500 apud
554 456 750 490 Gilbertum
770 457 930 489 Brunum
948 467 1027 501 pag.
1047 465 1156 489 XCVI.
1176 457 1252 490 vult
1271 457 1381 496 illum,
1401 462 1421 476 “
1439 459 1632 502 relegatum

274 525 293 546 a
318 524 399 557 rege
424 518 522 555 patre
548 517 690 556 propter
715 513 792 545 fidei
812 512 1010 545 Catholicae
1036 513 1296 556 professionem,
1323 514 1359 546 in
1385 514 1553 547 Flandria
1570 515 1633 547 Ini-

273 579 392 614 grasse
411 569 454 601 ad
472 569 651 601 dominum
668 569 697 607 ;''
723 569 816 612 quod
842 568 1003 601 credibile
1029 579 1099 601 non
1124 574 1187 608 est,
1214 569 1307 613 quod
1333 580 1418 602 aevo
1437 570 1496 603 illo
1513 580 1632 603 omnes

272 625 406 658 Scotiae
424 635 521 669 reges
541 624 713 657 ferventes
734 635 834 657 verae
851 625 990 667 pietatis
1008 625 1158 658 cultores
1183 629 1319 658 essent:
1346 625 1463 668 potius
1486 626 1632 659 inducor

271 686 309 714 ut
329 681 466 713 credam
484 691 504 713 a
521 680 681 714 Donaldo
700 680 768 714 ΙΙΙ.
786 685 937 724 tyranno
956 680 999 713 ad
1016 685 1165 713 mortem
1183 681 1344 724 petitum,
1371 682 1484 714 solum
1511 682 1633 715 vertis-

271 748 317 776 se,
337 737 393 770 hic
411 737 503 770 enim
522 737 627 781 hujus
646 737 851 770 successioni
870 736 990 769 hostis.
1042 735 1142 770 Nihil
1160 748 1303 781 operum
1321 742 1427 777 extat,
1448 748 1510 771 nec
1532 739 1633 782 quip-

270 794 362 836 piam
382 793 559 836 scripsisse
577 798 803 836 compertum.

317 849 432 882 Natus
450 859 541 882 anno
559 857 754 881 CCXLVIII.
773 849 950 892 depositus
969 857 1130 883 ccxelx.
1149 849 1222 882 dies
1241 850 1416 889 incertus;
1441 851 1632 884 translatus

272 914 331 938 111.
350 904 372 937 J
375 905 436 938 ulii
451 915 460 944 ς
489 905 650 938 visitatae
668 905 834 949 reliquiae
852 914 877 938 Ι.
897 905 1070 945 Octobris,
1089 910 1129 939 ut
1146 916 1254 949 supra
1271 916 1314 939 ex
1330 906 1416 940 actis
1434 907 1631 950 probatum.

753 1017 788 1051 S.
816 1017 1015 1051 GHILLO.
1066 1020 1148 1052 585.

267 1130 302 1163 S.
321 1130 494 1170 GH1LLO,
512 1129 665 1163 famulus
684 1129 718 1163 S.
738 1129 942 1176 Guthagoni
960 1132 1138 1175 principis,
1165 1135 1227 1165 aut
1245 1130 1480 1177 Guidulphus,
1506 1138 1546 1168 ut
1567 1132 1633 1168 Lo-

267 1188 369 1226 crius,
390 1192 426 1220 et
442 1187 607 1230 Meyerus
629 1186 688 1220 lib.
708 1195 745 1219 V.
765 1186 893 1220 Annal.
921 1192 956 1220 et
981 1187 1055 1230 ipse
1081 1187 1215 1227 Scotus,
1241 1199 1321 1221 cum
1349 1189 1490 1223 domino
1516 1189 1633 1224 Scotia

266 1254 435 1287 egressus,
454 1253 532 1275 cum
550 1243 669 1275 eodem
689 1254 805 1275 amore
824 1242 956 1276 Christi
973 1245 1191 1289 peregrinus,
1218 1255 1298 1277 cum
1323 1245 1443 1278 eodem
1466 1246 1504 1279 in
1529 1245 1632 1280 Oest-

266 1299 369 1332 kirka
391 1299 580 1341 depositus,
611 1304 631 1317 ‘⁶
656 1303 691 1331 et
719 1299 779 1342 qui
806 1299 915 1332 eidem
943 1304 1062 1333 sancto
1089 1300 1201 1333 adhuc
1228 1301 1394 1340 viventi,’'
1419 1302 1525 1336 verba
1550 1308 1633 1337 sunt

266 1354 400 1388 Molani
426 1356 500 1388 loco
526 1355 678 1394 laudato,
709 1360 730 1374 “
758 1355 964 1388 familiarius
994 1356 1208 1396 adhaeserat,
1235 1357 1279 1390 ab
1306 1369 1346 1391 eo
1366 1358 1442 1402 jam
1468 1358 1632 1393 defuncto

264 1412 365 1445 avelli
385 1422 454 1444 non
471 1411 597 1454 potuit,
616 1411 676 1454 qui
696 1411 800 1444 etiam
821 1411 974 1444 creditur
990 1417 1069 1455 post
1086 1418 1235 1446 mortem
1253 1414 1429 1447 miraculis
1444 1415 1631 1458 claruisse;

264 1478 345 1500 nam
363 1472 518 1510 tempore
544 1465 717 1511 Gregorii,
742 1466 853 1500 curati
881 1467 993 1500 dictae
1019 1469 1190 1508 ecclesiae,
1218 1470 1278 1513 qui
1305 1474 1425 1512 postea
1451 1470 1487 1504 in
1513 1473 1634 1506 ordine

263 1523 541 1566 praedicatorum
572 1527 689 1556 sancte
715 1523 815 1562 vixit,
844 1534 987 1557 manum
1017 1525 1150 1558 aridam
1177 1526 1314 1558 cuidam
1340 1526 1415 1571 ejus
1441 1528 1634 1562 misericor-

263 1579 356 1612 diam
376 1579 576 1622 imploranti
596 1579 775 1612 restituit:
801 1580 893 1612 unde
911 1580 1024 1614 dictus
1044 1580 1236 1626 Gregorius
1254 1582 1438 1616 metricum
1457 1585 1606 1629 scripsit,

559 1632 710 1660 Contracto
725 1632 823 1661 Ghillo
837 1633 889 1661 scit
904 1643 983 1671 opem
999 1635 1124 1663 conferre
1138 1635 1254 1673 pugillo.

264 1689 312 1722 Et
331 1689 440 1732 ipsius
458 1699 582 1731 corpus
601 1689 637 1721 in
655 1693 748 1722 terra
769 1690 931 1723 mansit.’'
983 1690 1064 1724 Huc
1089 1702 1200 1735 usque
1226 1693 1294 1725 ille.
1345 1693 1465 1728 Simile
1491 1697 1632 1731 omnino

263 1746 410 1790 contigit
443 1745 478 1777 in
504 1745 732 1778 translatione
762 1745 984 1790 Margaretae
1010 1747 1161 1792 reginae,
1191 1754 1231 1781 ut
1262 1749 1345 1782 alibi
1376 1750 1519 1791 dictum,
1551 1764 1631 1787 nam

263 1802 297 1835 S.
319 1801 527 1834 Malcohnus
545 1801 694 1833 maritus
714 1801 757 1834 ab
775 1813 815 1834 eo
833 1803 935 1835 avelli
954 1814 1024 1836 non
1043 1804 1171 1846 potuit.

311 1857 499 1901 Depositus
530 1869 621 1890 anno
649 1866 810 1890 ccxclx.
838 1859 964 1891 colitur
989 1859 1145 1893 visitatio
1173 1861 1228 1894 die
1256 1872 1333 1894 cum
1361 1864 1429 1896 alio
1455 1866 1631 1899 communi

265 1923 287 1946 1.
307 1913 431 1947 Octob.
482 1913 538 1946 Ex
557 1913 611 1946 his
630 1919 791 1957 apertum
808 1925 896 1953 reor,
915 1926 984 1948 non
1002 1916 1075 1948 sine
1093 1917 1265 1950 maximae
1291 1918 1524 1961 improbitatis
1549 1927 1633 1955 nota

262 1970 430 2013 quosdam
467 1970 681 2002 mendicitati
718 1970 866 2009 innatos,
909 1971 971 2004 hos
1007 1972 1094 2005 duos
1129 1972 1248 2006 Scotos
1282 1980 1418 2008 sanctos
1459 1987 1541 2010 suae
1579 1989 1633 2012 as-

261 2027 392 2059 cribere
423 2026 568 2069 patriae,
599 2037 678 2058 cum
708 2027 824 2059 nullus
856 2027 891 2060 in
923 2027 1111 2061 Hirlandia
1138 2028 1337 2063 Catholicus
1369 2037 1430 2065 aut
1462 2032 1632 2068 Christia-

263 2094 340 2121 nuS,
358 2082 469 2115 bonus
487 2087 548 2115 aut
566 2083 689 2120 malus,
715 2082 909 2116 haereticus
937 2089 998 2117 aut
1024 2084 1275 2125 schismaticus,
1303 2097 1377 2120 mas
1404 2093 1465 2122 aut
1491 2089 1630 2129 femina,

263 2149 350 2182 puer
368 2143 429 2171 aut
446 2148 561 2176 seneX‚
580 2138 640 2181 qui
660 2149 777 2171 veram
804 2139 969 2182 pietatem
993 2140 1239 2184 profiteretur3
1269 2143 1418 2187 denique
1444 2156 1522 2178 cum
1547 2151 1630 2180 tunc

260 2195 400 2238 quidem
435 2205 478 2227 ne
511 2204 638 2227 nomen
668 2194 800 2227 Christi
835 2206 874 2227 ea
907 2196 944 2228 in
978 2197 1092 2230 insula
1122 2198 1292 2237 auditum,
1324 2200 1394 2233 imo
1425 2212 1468 2233 ne
1498 2204 1627 2236 multos

261 2256 338 2295 post
369 2250 494 2283 horum
525 2255 722 2294 martyrum
750 2250 1001 2294 depositionem
1032 2264 1140 2286 annos
1171 2256 1242 2288 ulla
1272 2256 1410 2297 penitus
1445 2258 1491 2290 sit
1527 2269 1630 2292 evan-

259 2307 340 2352 gelii
370 2306 522 2339 mentio:
559 2306 742 2350 siquidem,
778 2306 812 2339 S.
850 2306 1023 2342 Patricius
1055 2308 1178 2343 Scotus
1209 2321 1290 2344 cum
1324 2311 1547 2347 Hirlandiam
1577 2314 1629 2347 in—
