1861 2682
612 250 784 281 GENTIS
808 248 1080 286 SCOTORUM,
1106 248 1192 279 LIB.
1219 249 1257 279 V.
1561 251 1623 281 259

313 344 438 377 Passus
457 349 509 376 est
526 354 616 376 anno
635 351 742 375 XCVI.
794 342 931 375 Colitur
948 342 1003 374 die
1028 350 1117 373 XIII.
1138 349 1203 373 XV.
1230 340 1420 373 Novembr.
1445 352 1484 373 ac
1507 342 1620 372 nescio

263 411 324 432 cur
344 400 492 442 Hispani
512 400 698 432 maluerint
716 403 886 441 receptam
908 397 1007 430 fidem
1027 397 1136 430 Gallis
1153 397 1269 440 potius
1289 407 1393 440 quam
1416 396 1547 429 Romae
1565 397 1622 429 ‹le-

264 456 352 493 bere,
371 466 446 488 cum
467 456 501 488 S.
521 454 722 498 Dionysius,
741 459 781 487 ut
799 455 871 497 ipse
889 454 980 486 haud
999 454 1141 486 obscure
1159 454 1275 486 innuit
1299 454 1398 496 epist.
1421 462 1459 486 X.
1487 453 1523 485 in
1542 452 1623 485 Gal-

263 512 325 544 lias
352 522 371 543 a
394 510 427 543 S.
453 511 629 543 Clemente
652 511 810 553 pontifice
834 510 1026 543 destinatus
1050 509 1190 542 biennio
1214 513 1287 542 toto
1310 514 1388 552 post
1413 509 1621 552 martyrium

262 566 426 610 Eugenii,
447 567 481 599 id
496 572 558 604 est,
573 577 663 598 anno
678 575 820 599 XCVIII.
839 571 878 599 ut
897 567 964 598 late
983 565 1155 598 Baronius
1169 565 1328 608 princeps
1347 570 1430 598 tom.
1450 574 1471 597 1.
1491 564 1620 597 Annal.

263 622 389 654 evicit:
417 622 534 665 itaque
553 622 644 654 inter
661 622 919 654 conversionem
945 627 979 654 et
1001 621 1209 664 martyrium
1233 626 1335 654 erunt
1357 630 1503 654 XXXIV.
1528 622 1621 658 anni,

262 678 388 720 quibus
420 677 610 710 Toletanae
639 678 798 710 ecclesiae
825 677 1025 720 praefuerit.
1087 678 1294 720 Quicunque
1325 678 1427 710 aliter
1455 677 1620 715 scribunt,

261 744 405 766 censura
424 738 548 778 egent3
568 739 601 766 et
620 739 659 767 ut
678 745 798 766 verum
817 734 861 766 sit
880 745 958 766 eum
977 734 1066 766 circa
1080 733 1234 766 Parisios
1248 745 1400 777 passum,
1415 740 1530 767 tamen
1550 744 1622 766 om-

261 789 315 821 nis
334 790 401 822 alia
419 790 549 822 occasio
568 790 763 832 quaerenda
782 795 843 827 est,
862 801 966 833 quam
985 789 1194 833 colloquium
1213 801 1291 822 cum
1310 789 1344 822 S.
1365 789 1546 833 Dionysio,
1561 790 1620 832 qui

261 846 414 878 nondum
434 846 469 878 in
488 845 618 879 Gallias
639 851 791 879 venerat.

707 958 741 991 S.
770 958 1037 991 ETHBINUS.
1090 960 1171 994 477.

262 1070 296 1102 S.
316 1069 539 1109 ETHBINUs‚
558 1071 746 1104 monachus
765 1071 1022 1110 Benedictinus,
1048 1075 1089 1104 ut
1108 1073 1183 1104 vult
1202 1070 1329 1110 Uvi0n‚
1355 1075 1417 1104 aut
1435 1072 1620 1104 canonicus

261 1127 441 1170 regularis,
459 1132 497 1159 ut
516 1129 626 1169 placet
645 1126 797 1166 Ghini03
816 1132 993 1169 utcunque
1011 1127 1067 1165 sit,
1087 1132 1106 1145 ‘⁶
1127 1127 1307 1160 Nectensis
1326 1128 1362 1160 in
1379 1127 1549 1160 Hibernia
1563 1128 1622 1160 ab·

261 1183 331 1219 bas,
350 1186 384 1214 et
408 1182 443 1213 in
470 1183 653 1215 Britannia
672 1184 806 1221 natus‚”
829 1184 956 1216 dicitur
975 1182 1080 1215 Petro
1097 1183 1156 1215 lib.
1177 1192 1231 1215 IX.
1257 1183 1367 1216 Catal.
1387 1195 1459 1226 cap.
1480 1192 1617 1216 XXCIV.

260 1243 340 1270 ante
357 1248 434 1270 eum
455 1238 543 1270 idem
563 1238 751 1271 affirmarat
764 1238 970 1271 Vincentius
985 1237 1121 1281 Speculi
1136 1239 1194 1271 lib.
1211 1247 1297 1271 XXI.
1313 1250 1386 1282 cap.
1403 1249 1511 1273 cxlv,
1527 1248 1619 1272 exv,

260 1294 432 1327 Trithem.
452 1294 510 1326 lib.
532 1303 590 1326 111.
611 1293 685 1327 Vir.
705 1295 753 1327 ill.
772 1305 845 1337 cap.
866 1303 976 1327 XLIV.
1016 1293 1075 1326 Ex
1092 1306 1131 1327 eo
1150 1305 1234 1328 vero
1251 1306 1330 1328 eum
1345 1295 1484 1328 Gallum
1498 1295 1624 1333 facere‚.

259 1350 352 1394 quod
370 1350 406 1382 in
424 1349 537 1383 Gallia
555 1351 599 1383 sit
618 1351 796 1393 provincia
809 1350 1005 1389 Britannia,
1026 1351 1172 1383 delirare
1191 1355 1263 1391 θείς
1284 1363 1364 1384 nam
1379 1363 1440 1385 nec
1458 1356 1541 1385 tunc
1559 1363 1621 1385 nec

258 1407 378 1439 multis
395 1412 514 1449 postea
531 1407 653 1439 seculis
672 1418 711 1439 ea
730 1407 824 1451 regio
843 1406 1047 1439 Britanniae
1065 1417 1190 1439 nomen
1208 1407 1344 1444 habuit,
1365 1408 1424 1440 sed
1442 1407 1621 1440 Aremori-

260 1473 317 1495 cae
332 1473 341 1501 ;
368 1467 408 1495 ut
426 1463 596 1500 omittam,
614 1473 793 1506 nunquam
812 1462 1050 1496 Aremoricam
1069 1464 1272 1506 simpliciter
1284 1464 1506 1498 Britanniam
1521 1476 1622 1498 voca-

259 1520 300 1557 ri,
327 1519 385 1551 sed
411 1529 489 1550 cum
520 1518 751 1557 distinctione,
778 1519 963 1558 Minorem,
990 1524 1029 1552 ut
1047 1525 1179 1552 notum.
1232 1520 1305 1552 Nec
1323 1521 1379 1553 hic
1396 1521 1534 1565 Anglus
1553 1522 1619 1554 (lici

259 1579 382 1618 potest,
401 1575 483 1617 quia
501 1579 584 1606 tunc
602 1574 733 1619 Anglia
758 1576 912 1608 nondum
930 1574 1031 1608 fidem
1051 1587 1070 1608 a
1093 1575 1128 1608 S.
1148 1575 1351 1620 Augustino
1376 1577 1532 1619 apostolo
1558 1588 1620 1610 suo

259 1634 445 1673 acceperat,
476 1631 534 1662 sed
566 1635 717 1673 quatuor
746 1635 882 1663 tantum
910 1632 1010 1664 annis
1042 1636 1123 1664 ante
1153 1631 1287 1664 obitum
1319 1631 1479 1671 Ethbini,
1510 1638 1550 1666 ut
1575 1644 1617 1665 ex

259 1686 293 1718 S.
313 1686 481 1730 Gregorio
500 1686 527 1718 I.
547 1697 635 1729 papa
659 1692 690 1719 et
715 1687 791 1719 aliis
814 1687 913 1719 docui
938 1687 996 1720 lib.
1021 1697 1044 1720 Ι.
1072 1687 1244 1730 Apparat.
1271 1699 1344 1731 cap.
1364 1697 1451 1720 VIII.
1479 1688 1532 1721 De
1556 1689 1619 1722 hoc

257 1743 444 1785 apostolico
463 1743 537 1774 viro
562 1742 724 1774 Hirlandi
753 1742 887 1775 Scotiae
912 1744 1003 1787 grati
1030 1744 1161 1787 gratias
1188 1743 1350 1782 referant,
1377 1745 1436 1787 qui
1464 1749 1498 1777 et
1524 1745 1616 1787 ipsos

258 1799 414 1841 exemplo
432 1809 494 1831 suo
512 1798 555 1830 ad
573 1809 694 1830 verum
713 1798 778 1831 Dei
797 1800 929 1831 cultum
943 1800 1063 1837 erexit,
1078 1804 1114 1832 et
1127 1800 1301 1842 leprosum
1317 1801 1617 1844 paralyticumqne

259 1856 398 1888 sanitati
418 1856 584 1888 restituit.
637 1855 782 1898 Scripsit

400 1911 491 1943 Acta
508 1911 672 1944 Sansonis
692 1911 855 1956 Magistri
1175 1912 1233 1945 lib.
1255 1922 1278 1945 Ι.

402 1966 647 1999 Meditationes
665 1978 703 1999 ae
724 1967 844 2000 Preces
1174 1969 1233 2001 lib.
1254 1977 1278 2001 I.

305 2023 403 2055 Obiit
421 2034 459 2054 ac
476 2023 652 2064 depositus
675 2028 726 2056 est
754 2034 844 2056 anno
863 2033 954 2057 DCX.
1007 2023 1144 2057 Colitur
1170 2033 1256 2057 XIX.
1282 2024 1455 2068 Septemb.
1482 2024 1618 2069 Marty-

258 2080 319 2112 rol.
339 2078 559 2111 Cal-thusian.
580 2079 634 2110 vel
654 2088 739 2111 XIX.
760 2078 882 2112 Octob.
902 2080 1030 2118 Uvion,
1049 2085 1083 2112 et
1101 2081 1171 2113 alii.

714 2174 749 2207 S.
777 2175 1029 2209 EUSEBIUS.
1081 2179 1162 2212 478.

258 2248 292 2280 S.
319 2247 527 2285 Ecsmnus,
559 2243 785 2290 cognomento
816 2246 993 2285 Inclusus,
1024 2249 1214 2291 discipulus
1244 2249 1277 2282 S.
1310 2249 1401 2282 Galli
1430 2249 1533 2288 Scoti,
1569 2257 1612 2285 et.

256 2309 296 2336 ut
330 2303 482 2336 creditur
516 2314 535 2334 a
570 2303 653 2335 viris
684 2303 891 2336 doctissimis
923 2303 1075 2338 Henrico
1106 2305 1246 2338 Canisio
1277 2310 1311 2338 et
1338 2305 1471 2338 Judoco
1502 2306 1614 2339 Metz-
