1861 2682
642 250 813 283 GENTIS
838 248 1108 286 SCOTORUM,
1134 247 1220 278 LIB.
1246 248 1283 278 V.
1580 248 1642 279 267

428 343 621 388 Theologia
639 343 818 376 Platonica
1154 341 1212 374 lib.
1233 350 1256 373 Ι.

432 399 655 442 Philosophia
673 399 815 442 antiqua
1150 397 1209 430 lib.
1230 406 1253 429 1.
1273 401 1307 429 et
1324 396 1391 429 alia
1409 396 1591 439 permulta.

335 457 470 489 Floruit
488 467 579 488 anno
600 463 689 487 MDI.
708 460 769 488 aut
788 459 924 498 praeter
941 458 1092 498 propter.

612 567 653 600 B.
681 566 859 599 EVANX
886 564 1171 599 MARBODUS.
1224 564 1309 601 496.

285 684 304 697 ‘⁶
316 678 358 711 B.
374 678 525 711 EVANX
538 679 739 718 Marbodus,
751 678 1044 716 humanioribus,”
1055 678 1105 710 ait
1116 677 1276 716 BaIaeus,
1289 682 1310 697 ‘⁶
1322 678 1432 711 literis
1445 678 1640 710 instructis·

283 735 422 767 simus.’'
445 734 563 768 Uvion
581 736 617 767 111
635 736 806 779 adjunctis
825 736 867 768 ad
886 734 1040 779 Lignum
1058 733 1161 766 Vitae
1178 745 1257 778 pag.
1278 742 1527 767 DCCCLXXXI.
1554 733 1641 766 falso

281 791 438 835 Anglum
456 791 551 830 facit,
575 802 652 824 cum
678 802 795 824 omnes
822 792 925 824 etiam
951 790 1061 834 Angli
1087 790 1152 832 ipsi
1179 791 1396 823 consentiant
1422 790 1564 822 Scotum
1590 801 1641 822 es-

282 857 342 885 se;
370 858 452 890 prae
478 848 554 880 aliis
579 847 735 880 Renatus
761 847 970 880 Benedictus
988 847 1048 879 lib.
1070 846 1112 878 de
1130 845 1223 879 Vitis
1245 846 1306 878 SS.
1330 846 1521 884 Gallorum,
1547 847 1639 889 quod

282 913 368 945 opus
399 902 566 935 Latinum
598 903 679 935 fecit
710 902 886 936 Paschalis
917 902 1086 935 Robinus.
1146 901 1249 934 Adde
1279 901 1512 945 Epitaphium
1542 902 1637 934 Maru

282 958 360 991 bodi
384 959 426 991 ab
449 958 578 1002 Ogiero
603 959 762 1001 episcopo
779 958 1037 1002 Andegavensi.
1090 957 1311 990 Praeclarum
1336 959 1378 990 de
1404 969 1444 990 eo
1469 963 1522 991 est
1547 958 1639 1001 apud

281 1013 493 1057 Sylvestrem
524 1013 718 1058 Gyraldum
747 1014 806 1047 lib.
839 1022 874 1046 V.
905 1013 1042 1056 Speculi
1068 1013 1242 1046 Ecclesiae
1267 1024 1340 1056 cap.
1372 1022 1455 1046 XVI.
1486 1014 1640 1047 testimo-

280 1071 402 1103 nium:
437 1075 457 1089 ‘⁶
480 1070 659 1103 Bonarum
685 1071 867 1103 literarum
898 1071 1064 1114 magister
1090 1070 1258 1108 eruditus,
1285 1071 1414 1103 colores
1439 1070 1638 1107 rhetoricos,

280 1132 313 1158 et
331 1131 402 1158 tam
423 1126 608 1159 verborum
626 1137 732 1169 quam
751 1127 1002 1159 sententiarum
1028 1126 1280 1165 exornationes,
1307 1126 1464 1158 versibus
1490 1126 1638 1170 egregiis

279 1182 498 1214 declaravit.”
558 1181 694 1214 Eadem
727 1193 813 1224 pene
848 1182 960 1214 Lilius
994 1182 1169 1225 Gyraldus
1201 1181 1435 1214 Ferrariensis
1466 1193 1568 1224 opere
1597 1183 1639 1214 de.

280 1236 395 1270 Poetis
415 1237 564 1270 Latinis.
615 1237 778 1270 Laudant
802 1249 881 1270 eum
902 1236 1105 1270 Vincentius
1127 1237 1384 1270 Bellovacensis
1411 1242 1445 1270 et
1470 1237 1637 1270 Albertus

279 1292 475 1332 Crantzius,
504 1294 563 1326 sed
591 1293 670 1326 libri
699 1305 769 1326 11011
797 1299 879 1326 sunt
905 1294 948 1326 ad
969 1304 1122 1326 manum.
1174 1292 1328 1326 Virtutis
1356 1294 1480 1326 merito
1510 1293 1639 1336 episco-

278 1350 390 1392 palem
415 1349 580 1381 honorem
604 1350 697 1392 apud
723 1349 954 1387 Aremoricos,
982 1349 1198 1382 Redonensis
1225 1350 1371 1382 antistes
1396 1355 1542 1388 creatus,
1568 1360 1639 1382 11011

278 1406 395 1438 minus
414 1406 469 1448 pie
487 1416 592 1448 quam
619 1406 798 1448 splendide
819 1406 938 1450 gessit,
965 1410 1016 1438 ut·
1031 1405 1179 1438 historia
1204 1405 1410 1438 Britannica
1435 1404 1638 1438 Aremorica

279 1465 438 1494 testatur.
501 1461 602 1494 Sixto
629 1461 771 1494 Senensi
796 1462 855 1494 lib.
884 1470 935 1494 IV.
965 1461 1202 1494 Bibliothecae
1232 1459 1441 1494 Blarhadtcs
1467 1462 1575 1500 audit,
1602 1467 1637 1494 et

279 1514 498 1549 Redencnsis
515 1517 670 1555 antistes,
690 1522 729 1550 ut
749 1523 783 1550 et
801 1517 1019 1551 Trithemius
1037 1518 1095 1550 lib.
1115 1518 1156 1550 de
1175 1517 1377 1560 Scriptorib.
1401 1516 1634 1550 Ecclesiastic.

278 1584 356 1617 pag.
389 1581 550 1605 CCLXVI.
591 1578 625 1606 et
659 1573 752 1606 hune
786 1575 925 1606 annales
960 1579 1133 1607 nostrates
1161 1574 1332 1606 indictum
1360 1574 1636 1617 illaudatumque

277 1629 366 1661 male
383 1629 587 1662 omiserunt.
638 1628 729 1673 Ejus
748 1635 850 1662 sunt:

421 1683 463 1717 In
482 1684 684 1718 Passionem
703 1685 944 1718 Thebaeorum
1141 1687 1200 1720 lib.
1222 1696 1245 1719 1.
1265 1698 1379 1720 versu.

423 1740 465 1773 In
484 1740 629 1774 Cantica
646 1741 870 1774 Canticorum
1145 1744 1203 1776 lib.
1223 1752 1247 1775 1.
1266 1744 1393 1786 triplici
1412 1755 1527 1778 sensu,

420 1796 473 1829 De
491 1796 683 1840 Lapidibus
702 1803 736 1830 et
755 1797 910 1830 Gemmis
1145 1800 1204 1832 lib.
1225 1809 1248 1831 1.
1268 1801 1360 1842 quod
1389 1811 1475 1843 opus
1502 1802 1559 1833 alii
1584 1802 1634 1834 in-

467 1858 520 1885 ter
538 1852 686 1886 Graecos
705 1859 896 1891 tentarunt,
915 1853 1105 1898 Dionysius
1131 1855 1335 1888 Corinthius
1361 1857 1454 1898 apud
1479 1856 1632 1895 Suidam,

467 1914 502 1941 et
532 1908 766 1942 Philostratus
796 1910 929 1952 prImus
960 1909 1267 1955 Lithognomicum
1298 1912 1416 1950 edidit,
1442 1913 1477 1946 id
1504 1919 1565 1951 est,
1592 1914 1633 1946 de

468 1964 625 2008 gemmis,
644 1965 735 2007 apud
754 1966 912 1998 eundem.

423 2020 586 2052 Carmina
603 2021 812 2053 sententiosa
1145 2024 1203 2057 lib.
1224 2033 1248 2056 Ι.

422 2075 474 2107 De
493 2074 576 2108 Vita
595 2075 629 2107 S.
649 2075 861 2119 Magnobodi
880 2077 1045 2121 Episcopi
1063 2078 1339 2124 Andegavensis.

421 2130 474 2163 De
492 2130 575 2163 Vita
593 2130 627 2163 S.
647 2130 829 2165 Laurentii
1084 2136 1142 2168 lib.
1163 2145 1187 2168 Ι.
1207 2147 1320 2169 versu.
1373 2136 1518 2171 Secutus
1531 2138 1633 2171 estin

470 2187 524 2219 his
536 2186 750 2219 Eucherium
759 2187 1163 2234 Lugdunensem‚inquit
1178 2191 1378 2236 Sigebertus
1397 2193 1433 2225 in
1448 2193 1630 2227 Chronico.

327 2243 488 2275 Florebat
500 2253 590 2275 anno
604 2250 717 2274 MLIV.
733 2243 797 2275 sub
812 2243 964 2278 Henrico
982 2244 1048 2277 111.
1064 2246 1282 2289 imperatore,
1298 2250 1352 2281 vel
1369 2258 1439 2281 ML.
1459 2249 1630 2282 Trithem.

280 2300 331 2331 vel
368 2307 548 2332 MCXXIII.
585 2299 639 2331 vel
675 2306 769 2330 MCL.
806 2298 934 2333 Uvion.
988 2301 1031 2334 111
1065 2313 1143 2335 eum
1179 2308 1318 2346 patrum
1348 2306 1514 2338 memoria
1541 2316 1631 2337 com-
