1861 2682
210 268 252 298 58
584 264 812 297 HISTORIA
835 262 1200 296 ECCLESIASTICA

213 360 320 397 lisset,
343 357 410 391 nisi
433 362 504 391 tam
527 357 628 402 longe
653 355 809 400 pontifex
835 354 1012 393 abfuisset,
1037 354 1160 388 turbae
1184 354 1222 387 in
1247 352 1370 387 Galliis
1394 353 1574 398 religionis

214 415 368 452 obtentu,
397 413 585 446 immatura
612 411 675 445 filii
707 415 811 450 aetas,
843 414 878 443 et
908 409 1035 442 infidus
1064 409 1318 442 haereticorum
1351 408 1572 443 subditorum

214 470 364 508 animus,
389 468 486 502 ducis
512 467 625 501 Guisii
651 467 764 500 Blesis
791 475 884 499 mors
909 465 1100 508 inopinata,
1123 464 1168 497 ad
1192 464 1356 497 ultimum
1383 462 1574 508 Hispanica

216 526 332 559 classis
346 528 550 568 tempestate
563 523 717 568 disjecta,
731 528 804 555 tam
817 521 926 554 sancti
940 520 1109 564 propositi
1121 523 1276 553 tenorem
1294 519 1574 564 interrupissent.

218 581 396 615 Scribebat
413 591 504 614 anno
523 586 776 614 MDLxxxvn.

558 673 838 708 ANONYMUS
863 670 1103 706 CRITICUS.
1155 673 1236 706 100.

218 749 513 782 REDEUNTmUs
530 746 651 785 literis,
669 750 703 779 et
726 745 836 779 veluti
857 745 1008 778 recidiva
1030 745 1106 778 luce
1128 748 1208 787 post
1230 747 1303 777 tam
1327 748 1476 777 atrocem
1499 743 1576 778 bar-

217 805 347 838 bariem
375 803 607 848 gaudentibus
637 802 762 841 Musis,
793 811 988 845 anonymus
1017 800 1140 833 Scotus
1175 799 1213 833 in
1246 799 1452 834 bibliotheca
1484 800 1576 845 regis

220 859 370 904 Magnae
388 859 593 892 Britanniae
611 869 629 891 e
646 857 778 891 Graeco
794 857 958 890 idiomate
975 855 1105 889 Latina
1121 855 1203 889 fecit

364 914 585 948 Constantini
612 914 809 958 Geoponica
833 913 892 946 lib.
920 921 945 945 1.
976 923 1068 946 anno
1095 919 1282 946 MCCCCLI.
1309 916 1351 945 ut
1372 911 1478 945 codex
1504 911 1577 955 ipse

411 970 572 1014 praefert.

522 1065 593 1099 AN
595 1065 804 1099 ONYMUS
830 1062 1137 1098 HISTORICUS.
1190 1066 1270 1097 101.

222 1138 388 1171 REGINA
407 1138 540 1171 Scotiae
558 1137 673 1171 Maria
696 1138 733 1170 in
754 1137 886 1181 Anglia
908 1136 1038 1175 functa,
1062 1147 1256 1180 anonymus
1280 1136 1421 1180 quidam
1444 1135 1577 1175 Scotus,

223 1194 265 1232 (is
277 1193 344 1227 fuit
357 1192 515 1226 Adamus
528 1193 790 1237 Blacvodaeus.)
805 1193 944 1236 pietatis
956 1203 995 1225 ac
1007 1192 1140 1235 patriae
1153 1203 1284 1230 amans,
1299 1191 1428 1224 Gallice
1441 1192 1579 1235 scripsit

368 1249 562 1282 Historiam
581 1254 615 1282 et
633 1249 847 1292 Martyrium
866 1248 1022 1292 Reginae
1040 1247 1184 1286 Scotiae,
1202 1247 1338 1280 Dotalis
1353 1247 1530 1287 Franciae,
1545 1252 1579 1281 et

415 1306 593 1348 proximae
623 1304 794 1337 Haeredis
821 1303 982 1348 Angliae,
1008 1303 1067 1336 lib.
1096 1311 1121 1335 1.
1172 1307 1193 1321 “
1218 1302 1437 1336 Proditiones
1462 1303 1581 1337 Eliza-

414 1361 536 1393 bethae
562 1359 777 1404 Anglicanae
802 1360 839 1392 in
864 1370 950 1397 eam,
980 1369 1049 1402 quo
1076 1357 1175 1391 facile
1200 1363 1368 1401 apparent
1392 1359 1580 1397 mendacia,

416 1416 618 1454 calumniae,
644 1415 819 1458 falsaeque
842 1415 1075 1448 accusationes
1100 1414 1274 1447 innocenti
1300 1415 1447 1458 principi
1471 1415 1580 1459 objec-

417 1471 505 1504 tae.''
556 1470 653 1503 Haec
671 1471 769 1504 docte
787 1471 846 1510 ibi,
866 1475 900 1503 et
917 1470 1086 1514 religiose.
1137 1469 1195 1502 Ad
1212 1469 1305 1508 haec,

368 1526 474 1559 Liber
503 1526 544 1559 de
570 1526 686 1559 Morte
711 1527 876 1570 ejusdem,
903 1527 1101 1569 complexus
1126 1524 1325 1569 Anglorum
1350 1526 1580 1569 tyrannidem,

416 1582 548 1627 regiam
572 1593 654 1615 suae
679 1583 871 1626 majestatis
897 1581 1137 1620 constantiam,
1164 1581 1323 1619 virtutes,
1350 1581 1442 1614 vitae
1471 1587 1578 1622 actus,

415 1638 540 1671 ultima
570 1638 686 1677 verba,
720 1642 755 1671 et
788 1638 1021 1670 truculentam
1053 1636 1285 1680 proditionem
1319 1636 1579 1671 haereticorum.

419 1693 555 1727 Prodiit
572 1704 658 1737 opus
676 1704 766 1726 anno
787 1701 1026 1726 MDLXXX1X.

549 1788 830 1822 ANONYMUS
856 1787 1127 1822 POLITICUS.
1181 1791 1258 1822 102.

227 1863 401 1895 PATRUM
420 1866 617 1895 nostrorum
642 1861 809 1894 memoria
832 1871 1025 1905 anonymus
1048 1871 1091 1893 ex
1114 1861 1273 1894 omnibus
1297 1860 1581 1905 philosophorum

229 1919 365 1961 Scriptis
383 1918 530 1962 collegit,
549 1917 735 1960 ediditque,

373 1973 624 2006 Educationem
643 1977 676 2005 et
695 1972 956 2005 Institutionem
974 1972 1090 2005 tenelli
1108 1971 1280 2015 Principis
1301 1973 1360 2006 lib.
1381 1981 1405 2005 Ι.

228 2029 328 2066 Quod
355 2040 440 2072 opus
467 2029 541 2061 MS.
568 2032 766 2061 asservatur
790 2028 827 2060 in
853 2027 1057 2060 bibliotheca
1082 2028 1174 2072 regis
1197 2028 1346 2072 Magnae
1365 2028 1580 2062 Britanniae.

230 2084 310 2123 Ubi,
336 2090 397 2118 aut
421 2084 559 2127 quando
585 2084 763 2126 scriptum,
790 2094 832 2116 ex
857 2083 970 2116 codice
995 2084 1055 2116 illo
1078 2094 1147 2116 non
1170 2083 1268 2116 facile
1285 2085 1474 2127 percipies;
1502 2084 1583 2127 quia

231 2144 346 2173 tamen
360 2139 489 2172 Gallice
502 2139 636 2177 maluit,
654 2149 759 2182 quam
777 2138 913 2178 Latine,
932 2140 1086 2182 suspicor
1105 2140 1206 2172 alicui
1225 2140 1301 2173 viro
1318 2140 1466 2183 principi
1485 2139 1584 2172 Gallo

230 2201 403 2229 auctorem
422 2195 563 2234 dicasse,
583 2206 603 2227 a
620 2205 690 2227 non
707 2195 790 2227 adeo
809 2196 911 2239 longo
929 2199 1093 2238 tempore,
1108 2196 1205 2240 cujus
1221 2196 1294 2238 ipse
1309 2196 1472 2229 educator
1485 2199 1583 2233 esset,

229 2257 270 2284 ut
299 2256 381 2284 sunt
411 2252 447 2284 in
478 2250 601 2283 Galliis
631 2250 724 2283 illius
754 2250 886 2283 farinae
916 2251 1080 2293 plerique.
1131 2251 1384 2284 Animadverto
1413 2251 1511 2283 illum
1542 2251 1584 2283 ad

231 2307 438 2345 Quintiliani
456 2311 490 2340 et
510 2306 650 2340 Marulli
672 2305 924 2340 Tarchaniotae
941 2311 1122 2350 praecepta
1140 2307 1329 2350 principem
1353 2317 1454 2340 suum
1478 2305 1585 2339 infor-

231 2374 334 2396 mare.
