1861 2682
251 232 312 260 228
625 230 849 262 HISTORIA
873 230 1234 261 ECCLESIASTICA

254 325 354 368 logus
372 323 425 355 sui
444 322 608 365 temporis
626 321 869 366 argutissimus
888 326 922 353 et
939 319 1294 359 scholasticissimus‚’'
1307 318 1369 352 &c.
1414 315 1503 352 Vide
1517 331 1605 362 quae

254 384 456 422 sequuntur.

303 434 376 466 Nec
393 435 506 466 minor
523 434 564 465 de
585 437 683 466 tanto
707 432 783 465 viro
806 431 1024 469 concertatio,
1050 441 1154 473 quam
1180 431 1223 462 de
1245 430 1391 464 Homeri
1408 431 1606 469 natalibus3

255 501 334 523 nam
347 490 445 522 illum
458 489 635 522 vindicant
648 488 807 526 Hiberni,
821 487 912 530 quod
926 487 1025 519 Duns
1039 490 1212 519 contracte
1223 497 1286 529 pro
1298 486 1456 519 Dunensi
1471 497 1607 519 vocare-

254 552 322 584 tur,
341 556 403 578 nec
421 550 537 577 tamen
551 546 660 577 ullum
679 544 828 576 codicem
846 542 1041 585 producunt
1057 542 1093 574 in
1111 552 1180 584 quo
1197 543 1386 575 contractio
1404 543 1464 575 illa
1479 543 1606 585 reperi-

253 606 349 634 retur
368 611 376 633 :
402 602 437 633 id
456 601 573 643 itaque
590 600 766 637 frivolum,
784 598 876 641 quod
894 597 1021 629 dieitur
1035 601 1183 636 tantum,
1206 609 1276 630 non
1299 599 1403 631 etiam
1426 599 1604 641 probatur.

253 657 361 701 Angli
380 657 489 689 civem
508 666 608 688 suum
627 655 759 687 faciunt
782 654 875 697 quod
898 652 1055 685 Oxoniae
1077 653 1263 695 scripserit,
1287 658 1320 686 et
1344 655 1606 687 commentarios

253 724 332 745 suos
351 710 528 755 Scriptum
550 707 748 742 Ooeoniense
764 709 961 742 vocaverit:
987 709 1162 750 praeclaro
1180 719 1260 741 sane
1278 714 1493 753 argumento,
1507 710 1606 752 quasi

252 767 521 804 concluderetur,
547 765 668 798 Cicero
685 764 839 808 Arpinas
858 764 990 797 Romae
1007 764 1155 807 scripsit,
1174 764 1293 797 Cicero
1319 765 1428 809 igitur
1453 765 1606 808 Arpinas

251 824 319 857 fuit
338 823 538 860 Romanus3
566 821 659 864 quod
678 832 782 864 quam
800 821 985 853 ridiculum
1002 820 1058 858 sit,
1077 820 1168 852 docti
1187 820 1350 853 viderint.
1401 820 1535 853 Deinde
1555 832 1608 853 re-

251 880 393 924 ligiosae
411 877 563 910 familiae
581 888 658 910 cum
678 881 837 910 constent
856 887 897 909 ex
911 876 1057 909 diversis
1075 875 1248 920 gentibus,
1266 876 1396 909 nullius
1414 877 1607 909 academiae

250 936 317 979 legi
351 938 434 967 sunt
467 934 650 971 astrictae3
687 937 722 965 et
749 933 907 965 videmus
936 932 1113 964 Bononiae
1143 932 1180 964 in
1208 931 1311 964 Italia
1340 933 1507 975 quosdam
1537 943 1607 965 mo-

251 990 378 1024 nachos
414 1000 484 1022 non
517 989 754 1022 Bononienses
787 989 922 1031 publice
955 988 1120 1030 profiteri,
1157 998 1233 1020 cum
1276 992 1392 1021 tamen
1434 989 1607 1033 peregrini

251 1057 368 1079 omnes
400 1057 420 1078 a
450 1044 662 1088 professione
688 1049 880 1082 arceantur,
906 1044 974 1077 nisi
1001 1044 1176 1082 eminenti,
1202 1047 1243 1076 ut
1269 1049 1403 1083 vocant,
1431 1045 1505 1077 loco
1530 1056 1607 1077 con-

251 1103 355 1135 ducti.
421 1101 536 1146 Igitur
565 1101 594 1133 si
622 1100 773 1133 Joanncs
800 1100 901 1133 Duns
931 1100 1183 1132 Franciscanus
1214 1100 1250 1131 in
1276 1100 1449 1133 academia
1476 1100 1607 1133 Oxoni-

251 1159 323 1191 ensi
342 1158 495 1191 docuerit
513 1162 574 1190 aut
592 1157 779 1199 scripserit,
803 1167 872 1189 non
894 1161 932 1189 ut
955 1155 1104 1199 AugluS,
1129 1156 1189 1188 sed
1212 1161 1252 1188 ut
1275 1156 1452 1198 Seraphici
1476 1156 1606 1189 ordinis

251 1215 372 1252 socius,
391 1214 546 1246 docuisse
564 1218 598 1246 et
616 1213 792 1256 scripsisse
809 1212 998 1246 censendus
1016 1216 1079 1244 est.
1122 1211 1216 1244 Mira
1233 1212 1289 1243 hic
1306 1212 1444 1244 inscitia
1460 1211 1483 1244 J
1485 1213 1606 1245 oannis

250 1271 389 1308 Pitsaei,
420 1269 646 1313 ignavissimo
666 1274 807 1312 stupore
828 1269 979 1311 seipsum
1005 1268 1211 1310 superantis,
1238 1272 1271 1299 et
1298 1278 1367 1300 non
1390 1272 1441 1300 est
1459 1268 1548 1300 tanti
1566 1273 1603 1301 ut

250 1327 353 1359 verba
387 1326 469 1369 poni
505 1330 566 1358 aut
599 1325 762 1369 redargui
796 1330 1018 1362 mereantur3
1055 1323 1119 1355 hoc
1154 1327 1291 1356 tantum
1325 1323 1435 1356 discat
1472 1329 1606 1366 aposta-

250 1388 304 1415 tae
322 1381 441 1414 Balaei
460 1381 643 1423 impudens
662 1384 697 1412 et
720 1379 1005 1412 mendacissimus
1028 1379 1268 1421 transcriptor,
1287 1389 1356 1411 non
1375 1390 1493 1412 omnes
1513 1379 1606 1411 Oxo-

249 1438 384 1471 nienses
410 1437 545 1481 Anglos
572 1446 665 1469 esse:
701 1436 871 1479 siquidem
899 1446 941 1468 ex
971 1436 1106 1468 decreto
1138 1434 1173 1467 S.
1201 1435 1246 1467 D.
1274 1434 1318 1467 N.
1346 1435 1534 1468 Clementis
1560 1435 1603 1467 V.

249 1499 288 1526 ut
323 1505 365 1526 ex
404 1493 489 1525 actis
521 1493 655 1525 concilii
689 1491 897 1524 Viennensis
930 1495 1036 1534 patet,
1071 1494 1105 1523 et
1138 1491 1276 1523 disertis
1311 1490 1424 1523 verbis
1458 1491 1606 1524 habetur

250 1549 486 1582 Clementinae
511 1549 552 1580 de
579 1547 760 1592 Magistris
790 1547 850 1580 lib.
880 1556 916 1579 V.
947 1547 1084 1580 Oxonia
1112 1546 1251 1589 publica
1276 1551 1328 1579 est
1353 1550 1387 1578 et
1413 1547 1605 1580 communis

249 1605 458 1637 universitas
489 1604 601 1637 tribus
630 1603 745 1647 regnis
772 1602 933 1647 Angliae,
960 1602 1104 1641 Scotiae,
1130 1607 1165 1635 et
1192 1602 1405 1641 Hiberniae3
1436 1603 1604 1645 quinimo,

250 1661 342 1703 quod
367 1660 515 1703 amplius
543 1664 605 1697 est,
636 1670 695 1692 rex
722 1658 855 1691 Scotiae
887 1659 1068 1691 tenebatur
1098 1659 1141 1691 ad
1171 1659 1405 1701 provisionem
1434 1657 1604 1701 professo-

249 1717 344 1749 ribus
374 1716 484 1748 Scotis
518 1716 555 1748 in
589 1716 762 1748 academia
796 1714 986 1747 Oxoniensi
1020 1714 1273 1756 praestandam,
1308 1724 1350 1746 ex
1383 1718 1483 1746 textu
1513 1714 1604 1746 claro

248 1774 357 1805 dictae
383 1771 628 1804 Clementinae.
680 1771 782 1809 Quod
805 1771 834 1803 si
860 1781 981 1803 verum
1007 1774 1068 1808 est,
1094 1774 1134 1803 ut
1160 1769 1379 1802 verissimum
1405 1779 1477 1801 esse
1503 1780 1603 1802 nemo

249 1829 395 1867 dubitat,
423 1839 443 1860 a
468 1827 561 1860 futili
588 1828 647 1859 illo
673 1832 878 1871 argumento
904 1826 1063 1858 desinant
1088 1826 1247 1867 deinceps
1273 1823 1394 1868 Angli,
1421 1829 1455 1857 et
1481 1836 1501 1857 a
1525 1825 1604 1858 Sco-

251 1891 284 1916 to
318 1884 431 1916 doceri
464 1883 690 1925 antiquitates
725 1893 804 1915 suas
838 1882 994 1914 lubentes
1028 1880 1213 1918 fateantur,
1245 1884 1279 1912 et
1316 1880 1447 1924 gratias
1486 1886 1602 1924 agant.

249 1940 407 1982 Denique
430 1939 545 1981 potuit
571 1939 694 1971 titulus
721 1938 778 1970 ille
804 1938 946 1970 alterius
972 1947 1078 1969 manu
1103 1937 1194 1974 addi,
1221 1941 1254 1968 et
1280 1936 1432 1969 levitatis
1458 1941 1503 1975 te,
1531 1936 1605 1969 Pit-

249 2006 335 2033 saee,
365 1995 518 2038 pudebit,
547 1994 575 2027 si
602 1994 793 2036 perpendas
819 2003 922 2035 quam
948 1992 1133 2024 ridiculum
1157 1996 1401 2036 argumentum
1427 1993 1519 2025 docti
1544 1993 1604 2025 ha-

249 2051 361 2088 beant,
388 2062 407 2083 a
429 2050 626 2092 scriptionis
652 2050 725 2082 loco
745 2048 983 2081 necessitatem
1009 2047 1136 2080 inferre
1162 2048 1334 2086 nationis3
1363 2048 1411 2080 sic
1434 2049 1526 2080 enim
1547 2048 1603 2081 fie-

248 2111 301 2139 ret
323 2111 364 2139 ut
386 2106 429 2138 D.
452 2105 674 2150 Augustinus
700 2104 788 2137 Afer
813 2104 997 2136 haberetur
1020 2103 1141 2142 Italus,
1167 2104 1249 2146 quia
1266 2103 1370 2136 libros
1389 2104 1430 2136 de
1448 2104 1603 2137 Trinita-

248 2168 281 2195 te
307 2162 350 2195 atl
376 2162 520 2195 Portum
553 2160 698 2204 Trajani
724 2160 797 2192 sive
821 2159 941 2191 urbem
968 2164 1119 2191 veterem
1145 2159 1306 2202 scripsit3
1337 2164 1371 2192 et
1397 2159 1601 2192 Remundus

250 2219 384 2251 Lullius
416 2217 563 2250 Pisanus
593 2220 682 2249 esset
709 2215 970 2260 adjudicandus,
1006 2215 1088 2258 quia
1118 2213 1244 2247 Artem
1278 2226 1375 2247 suam
1404 2215 1599 2248 Mirabilem

248 2274 337 2307 Pisis
372 2273 592 2316 compilavit3
628 2277 662 2305 et
696 2281 842 2316 magnus
877 2270 959 2303 felix
994 2270 1177 2304 Ennodius
1209 2270 1403 2304 Ticinensis
1435 2271 1600 2314 Byzanti-
