1861 2682
569 252 740 284 GENTIS
765 250 1035 287 SCOTORUM,
1061 250 1147 281 LIB.
1174 250 1235 281 ΙΙΙ.
1520 251 1580 279 183

479 343 553 376 Sors,
567 344 616 371 ubi
630 342 747 371 maturis
761 341 875 369 accessit
889 341 972 368 robur
986 341 1020 368 ab
1034 341 1124 374 annis,

520 389 641 417 Addidit
655 394 684 417 et
697 388 776 416 dotes
789 387 933 415 ambitiosa
947 397 1018 414 suas.

479 435 535 463 Sed
549 435 601 462 sibi
615 434 749 472 praeferri
767 433 908 460 Virtutem
924 432 1003 463 irata,
1018 431 1119 458 doloris

518 481 621 517 Exegit
636 490 746 517 poenaS,
761 479 871 506 vindice
885 483 973 505 morte
987 477 1039 504 sui.

480 526 509 553 Si
524 536 654 554 numeres
667 536 762 557 annos,
777 524 877 552 cecidit
892 523 1007 550 florente
1017 523 1146 559 juventa,

518 571 548 598 Si
562 571 664 604 studia,
679 576 708 599 et
723 581 820 602 mores,
835 575 864 597 et
878 569 1032 601 benefacta,
1048 578 1141 596 senex.

275 675 397 707 Edidit
415 675 523 714 varia,
542 675 600 708 sed
619 687 682 720 ego
700 680 838 708 tantum
858 675 930 707 vidi

368 730 594 764 Itinerarium
612 732 744 764 Galliae
763 730 973 775 Sequanicae
1063 729 1122 762 lib.
1142 739 1166 762 1.
1185 730 1315 772 prodiit
1333 729 1487 762 Parisiis.

371 786 614 820 Helvetiorum
632 788 749 820 Mores
1064 785 1123 818 lib.
1144 795 1168 818 1.
1199 785 1276 818 MS.
1304 785 1341 817 in
1368 785 1574 818 bibliotheca

416 842 439 874 J
441 843 537 876 acobi
556 843 752 887 Bongarsii.

370 897 512 942 Elegias
1064 898 1122 930 lib.
1143 907 1167 930 1.
1186 898 1390 940 prodierunt
1403 897 1581 942 Lugduni.

273 954 370 987 Obiit
389 965 480 987 anno
498 954 621 987 aetatis
640 963 737 987 xxv.
755 955 816 986 sal.
838 962 1032 986 MDLxxn.
1051 954 1223 986 incertum
1242 953 1313 986 ubi.

539 1066 805 1099 PATRICIUS
830 1065 1135 1099 COCBURNUS.
1187 1068 1267 1098 320.

227 1178 443 1210 PATRICHIS
463 1177 678 1217 Cocburnus,
697 1179 838 1222 gentilis
853 1178 1006 1217 alterius,
1025 1178 1187 1212 Lutetiae
1205 1179 1309 1212 etiam
1328 1179 1434 1211 trium
1449 1179 1585 1223 lingua-

226 1244 303 1266 rum
329 1233 455 1276 peritia
479 1234 700 1273 inclaruerat,
726 1234 886 1272 Graecae,
911 1233 1069 1272 Latinae,
1095 1234 1298 1275 Hebraicae,
1326 1239 1366 1268 ut
1392 1246 1519 1278 paucos
1545 1246 1585 1268 ea

225 1294 430 1332 tempestate
447 1300 546 1333 pares
565 1290 602 1321 in
620 1289 775 1331 Europa,
794 1289 923 1321 nedum
940 1289 977 1321 in
1002 1289 1126 1329 Gallia,
1150 1291 1302 1323 haberet.
1328 1290 1510 1324 Professus
1534 1296 1585 1324 est

226 1356 353 1389 magna
370 1345 474 1384 fama,
494 1350 527 1378 et
546 1346 681 1378 erudite
700 1345 838 1388 scripsit

370 1401 423 1434 De
442 1401 578 1446 vulgari
597 1412 712 1434 sacrae
730 1400 928 1443 Scripturae
947 1401 1072 1434 Phrasi
1144 1401 1203 1434 lib.
1224 1411 1248 1434 Ι.

369 1457 423 1490 De
441 1457 658 1490 Excellentia
676 1456 785 1491 Verbi
802 1456 869 1489 Dei
1143 1458 1203 1490 lib.
1224 1467 1248 1490 I.

370 1513 424 1545 De
442 1513 588 1546 Peccato
606 1513 644 1546 in
662 1512 832 1555 Spiritum
850 1512 1016 1546 Sanctum
1144 1514 1203 1546 lib.
1224 1522 1248 1546 1.

369 1568 546 1611 Epistolas
1145 1570 1204 1602 lib.
1225 1579 1249 1602 Ι.

370 1624 555 1657 Orationes
1148 1626 1206 1658 lib.
1228 1635 1251 1658 1.
1283 1626 1403 1660 Prima
1423 1628 1587 1670 opuscula

417 1682 508 1724 apud
528 1681 723 1715 Robertum
742 1681 954 1714 Gravionem
973 1681 1117 1714 Parisiis
1135 1682 1352 1724 prodierunt.

275 1737 430 1771 Docebat
448 1748 540 1771 anno
559 1746 678 1770 MDLI.

685 1849 995 1883 COROVANUS.
1046 1853 1126 1884 321.

228 1961 482 1999 COROVANUS‚
518 1965 620 2004 poeta
657 1966 795 1995 nostras
834 1963 1104 2002 vetustissimus,
1149 1963 1279 1996 scilicet
1321 1975 1363 1996 ex
1403 1964 1587 1997 bardorum

226 2028 362 2060 genere,
397 2017 438 2049 de
467 2027 536 2059 quo
566 2018 679 2049 locum
709 2017 909 2051 Adamanni
941 2018 1078 2051 Coludii
1113 2018 1207 2052 Scoti
1243 2020 1302 2053 lib.
1335 2029 1358 2052 Ι.
1387 2020 1429 2052 de
1461 2019 1587 2053 Sancto

228 2071 443 2104 Columbano
467 2071 569 2117 Scoto
592 2083 671 2116 pag.
692 2081 800 2106 DLVL
827 2078 847 2092 ‘⁶
866 2074 948 2106 Alio
966 2078 1121 2117 tempore
1139 2086 1217 2108 cum
1236 2080 1375 2109 sanctus
1394 2087 1501 2119 prope
1518 2080 1588 2109 sta-

228 2138 336 2171 gnum
355 2127 427 2166 Cei,
441 2128 545 2171 juxta
563 2128 691 2160 ostium
710 2128 874 2168 fluminis,
893 2130 986 2172 quod
1003 2129 1140 2164 Latinis
1155 2131 1226 2165 Bos
1240 2132 1379 2171 dicitur,
1399 2132 1454 2164 die
1472 2132 1588 2175 aliqua

228 2194 305 2215 cum
324 2182 490 2216 fratribus
510 2183 652 2221 sederet,
671 2184 812 2226 quidam
830 2186 873 2217 ad
892 2196 948 2218 eos
967 2185 1121 2220 Scoticus
1138 2192 1241 2230 poeta
1258 2188 1409 2226 devenit,
1431 2187 1491 2230 qui
1510 2198 1588 2220 cum

227 2243 306 2281 post
317 2239 468 2282 aliquam
479 2239 672 2271 recessisset
681 2240 1012 2280 sermocinationem,
1023 2241 1148 2276 fratres
1159 2244 1203 2276 ad
1213 2248 1382 2283 sanctum,
1396 2255 1467 2282 cur,
1478 2243 1587 2280 aiunt,

227 2305 247 2326 a
263 2294 361 2327 nobis
379 2295 595 2340 regrediente
614 2294 795 2328 Corovano
813 2296 953 2339 aliquod
971 2308 1052 2332 suae
1074 2299 1159 2332 artis
1182 2300 1355 2333 canticum
1377 2310 1447 2333 non
1470 2304 1589 2342 postu-⁴

864 2354 885 2384 2
904 2360 926 2384 B
