1861 2682
259 253 320 281 5220
631 254 854 285 HISTORIA
878 255 1238 287 ECCLESIASTICA

310 344 405 377 Haec
428 345 487 376 illa
503 355 586 388 gens
609 350 670 382 est,
693 355 780 387 quae
804 353 904 377 XVII.
928 356 1005 377 cum
1028 346 1166 389 regibus
1191 345 1300 379 Scotis
1318 345 1501 380 affinitates
1527 358 1604 380 con-

261 401 377 438 traxit,
400 404 433 432 et
454 411 522 432 non
540 411 665 442 paucas
687 410 764 432 cum
788 399 913 443 Anglis
936 399 1056 431 itidem
1080 400 1230 442 regibus,
1253 411 1341 442 quae
1364 404 1416 433 tot
1440 406 1532 434 retro
1556 413 1605 434 se-

260 456 344 488 culis
369 456 516 498 primam
543 456 649 488 aciem
674 456 844 487 exercitus
869 454 966 498 regii,
986 455 1066 497 jure
1089 465 1162 491 suo,
1185 455 1309 492 duxit3
1337 455 1380 487 ad
1401 455 1484 488 haec
1501 457 1603 489 comi-

258 515 351 543 tatus
385 512 421 543 in
454 510 569 543 Scotia
601 511 663 543 hos
697 510 878 554 Douglasii
917 513 1113 547 tenuerunt,
1157 508 1354 548 Eusdaliae,
1390 510 1602 550 Tevidaliae,

258 566 485 609 Clydsdaliae,
505 566 769 608 Vachopdaliae‚
788 565 1039 600 Annandaliae,
1057 564 1091 596 N
1095 565 1261 603 itsdaliae,
1287 565 1498 606 Murraviae,
1525 566 1605 599 Gal-

257 622 414 659 mvidiae,
441 622 650 659 Ormundae,
675 620 881 657 Mortoniae,
904 619 1181 663 Douglasdaliae,
1205 620 1404 659 Balveniae,
1429 621 1603 660 Atholiae,

257 682 291 709 et
304 676 493 720 Angusiae,
512 681 552 709 ut
570 676 697 718 passim
716 676 751 707 in
769 675 922 708 historiis
941 675 1169 713 nostratibus3
1188 676 1330 718 insuper
1346 677 1382 708 in
1401 676 1514 709 Gallia
1532 677 1603 709 Tu-

256 733 393 765 ronensi
427 733 565 770 ducatu,
601 731 644 763 ob
678 730 802 763 fortem
836 731 975 773 regibus
1005 730 1181 762 Francicis
1215 732 1417 773 praestitam
1452 743 1602 775 operam,

256 789 383 825 donati,
402 788 479 829 plus
497 797 601 829 quam
620 786 750 818 subditi
768 786 877 818 videri
895 790 1045 828 possent.
1096 785 1163 818 Sed
1181 786 1263 818 haec
1280 787 1406 831 exigua
1423 792 1506 820 sunt
1522 798 1603 830 prae

255 855 303 883 eo,
322 844 413 886 quod
431 844 467 875 in
484 843 637 884 ipsorum
656 842 802 885 gloriam
819 842 928 880 cadat,
953 852 1131 884 nunquam
1156 852 1197 873 ex
1219 841 1282 874 hac
1306 842 1471 875 comitum
1497 844 1603 885 stirpe

253 900 362 931 ullum
381 899 558 931 haereseos
575 897 651 930 labe
668 897 855 929 infectum:
880 901 919 929 ut
933 897 1013 940 jure
1031 896 1182 928 dubitari
1206 897 1326 939 possit,
1351 898 1543 941 majoresne
1566 899 1602 930 in

255 955 354 987 Italia
372 954 553 998 Douglasii
576 953 668 985 Scoti
691 953 790 991 rami,
815 963 859 984 an
881 952 918 984 in
940 952 1053 995 patria
1075 951 1266 995 Douglasia
1288 952 1421 986 familia
1445 959 1600 987 truncus.

253 1011 294 1043 In
322 1010 473 1042 Henrico
500 1009 743 1041 Huntindonio
768 1008 932 1039 mendum
959 1009 1081 1051 ingens
1111 1007 1170 1039 lib.
1199 1017 1239 1039 11.
1266 1019 1345 1052 pag.
1373 1017 1490 1041 cxxc.
1518 1010 1598 1041 dum

252 1067 369 1098 scribit
380 1065 574 1098 fabulosum
588 1069 608 1083 “
619 1063 816 1096 Arthurum
828 1063 953 1095 bellum
967 1063 1112 1106 gessisse
1127 1063 1162 1094 in
1176 1062 1334 1106 Dulglas,
1347 1069 1381 1095 et
1394 1065 1500 1096 silvae
1515 1064 1602 1097 Che-

252 1122 406 1158 lidonis‚”
425 1131 530 1162 eaque
548 1120 690 1152 nomina
707 1130 791 1151 aevo
810 1130 872 1150 suo
889 1118 995 1150 fuisse
1013 1118 1132 1161 ignota
1162 1117 1332 1162 [constat]
1350 1128 1359 1157 ;
1385 1120 1440 1152 sed
1469 1121 1601 1164 corrige

251 1183 270 1195 ‘⁶
284 1177 428 1220 Duglas,
447 1181 481 1208 et
498 1176 585 1208 silva
599 1175 815 1213 Caledonia‚”
833 1179 867 1206 et
885 1175 933 1206 sic
950 1173 1058 1206 facilis
1077 1173 1170 1212 fides,
1190 1179 1224 1206 et
1240 1175 1313 1206 loco
1331 1175 1380 1206 illi
1399 1175 1598 1217 antiquitas.

249 1233 315 1265 Sed
333 1233 374 1264 ad
393 1231 548 1264 abbatem
569 1231 680 1269 redeo,
705 1231 766 1273 qui
789 1230 910 1262 Grimo
930 1230 1014 1273 regi,
1039 1234 1072 1261 et
1089 1229 1124 1261 S.
1144 1229 1301 1261 Fothado
1320 1229 1598 1264 Sanctandreano

249 1289 407 1330 episcopo
425 1298 534 1325 carus,
552 1287 709 1319 meliores
727 1291 845 1328 postea
866 1289 980 1328 partes
1003 1288 1150 1321 secutus,
1176 1284 1359 1317 Malcolmo
1380 1286 1453 1329 regi
1478 1296 1498 1318 a
1521 1297 1599 1319 con—

249 1344 435 1376 fessionum
454 1344 559 1375 sacris
577 1343 656 1374 fuit.
707 1341 852 1383 Scripsit

394 1398 446 1430 De
465 1398 600 1430 Praelio
617 1398 660 1430 ad
678 1396 881 1429 Achnabart
1113 1394 1172 1427 lib.
1192 1404 1215 1427 1.

391 1454 460 1486 Pro
478 1454 662 1485 Malcolmo
680 1452 775 1495 Rege
1111 1451 1169 1483 lib.
1190 1459 1216 1484 Ι.
1265 1450 1376 1483 Index
1409 1450 1598 1493 Cuprensis

439 1510 610 1542 Gulielmo
629 1507 819 1551 Douglasio
836 1506 919 1538 haec
936 1506 1117 1544 attribuit3
1144 1517 1207 1550 ego
1230 1510 1316 1548 puto
1341 1505 1433 1538 hunc
1454 1517 1536 1545 esse,
1556 1519 1597 1540 ex

437 1565 595 1608 Catalogi
614 1563 808 1606 fragmento
825 1561 1003 1594 Abbatum
1023 1561 1329 1594 Mailrosiensium.

292 1621 440 1654 Vivebat
459 1631 548 1653 anno
567 1628 670 1651 mvn.
689 1623 723 1650 et
742 1627 832 1650 MXI.
884 1617 952 1649 Hic
969 1617 1073 1649 etiam
1091 1618 1279 1650 claustrum
1299 1617 1410 1649 ordini
1429 1628 1503 1656 suo,
1519 1629 1596 1652 aere

245 1687 316 1715 suo,
336 1676 455 1708 erexit.
507 1681 510 1684 ”

732 1769 765 1801 S.
792 1768 975 1801 DOBAN.
1027 1770 1106 1800 402.

246 1846 279 1876 S.
303 1845 445 1876 DonAN
465 1843 596 1879 Scotus,
624 1853 713 1874 unus
738 1853 779 1874 ex
802 1841 836 1873 S.
863 1840 1032 1873 Bonifaeii
1057 1839 1159 1877 Scoti,
1178 1839 1422 1882 archiepiscopi
1446 1839 1592 1883 Mogun-

246 1902 309 1933 tini
337 1906 371 1932 et
392 1900 583 1932 Frisiorum
611 1898 768 1941 apostoli,
792 1897 940 1940 collegiS,
965 1896 1076 1928 socius
1102 1896 1205 1927 etiam
1225 1895 1377 1938 ejusdem
1400 1896 1595 1939 peregrina-

245 1957 360 1993 tionis,
378 1960 417 1988 ut
434 1955 587 1997 prodidit
604 1954 638 1986 S.
659 1953 866 1985 Wilibaldus
885 1952 920 1983 in
938 1950 1022 1983 Vita
1039 1950 1074 1982 S.
1093 1950 1263 1982 Bonifacii
1279 1961 1356 1994 pag.
1373 1959 1591 1982 ccevanl.

246 2012 326 2044 edit.
351 2011 566 2043 Canisianae.
617 2009 674 2041 Ab
699 2009 816 2041 eodem
839 2008 874 2039 in
892 2007 1088 2048 episcopum
1107 2005 1353 2037 Trehetensem
1378 2010 1592 2049 surrogatus,

245 2067 489 2109 iVintungum,
522 2065 727 2102 XVasterurn,
754 2068 787 2095 et
814 2062 1018 2094 Heilherum
1044 2061 1245 2094 sacerdotali
1271 2061 1452 2105 insignivit
1480 2062 1591 2105 digni-

244 2127 324 2155 tate.
376 2122 520 2163 Scripsit

385 2177 563 2209 Adversus
581 2175 734 2207 Gentiles
1136 2171 1192 2204 lib.
1213 2180 1255 2204 11.

384 2232 621 2274 Epistolarum
1136 2228 1194 2260 lib.
1214 2236 1238 2259 1.

292 2288 427 2320 Floruit
445 2298 534 2319 anno
554 2294 683 2319 DCCM.
734 2285 869 2318 Colitur
889 2292 1006 2316 XXIII.
1026 2283 1234 2316 Decembris.
