1861 2682
266 213 328 243 312
639 212 865 244 HISTORIA
889 212 1255 244 ECCLESIASTICA

316 305 446 338 Caesus
463 305 579 349 gladio
597 315 687 337 anno
706 313 793 338 Dec.
811 304 938 337 colitur
955 312 1022 336 xv.
1041 304 1140 336 Maii.

712 416 747 450 S.
775 414 1042 449 GERESINA.
1092 417 1174 448 580.

267 529 301 561 S.
329 528 552 568 GERESINA,
583 532 743 562 matrona
772 539 811 561 ac
841 527 978 561 Siciliae
1003 528 1134 572 regina,
1160 528 1300 562 natione
1327 527 1440 568 Scota,
1465 540 1564 563 soror
1589 528 1625 562 S.

267 584 405 624 Dariae,
431 589 618 618 matertera
643 585 678 617 S.
706 584 866 622 Ursulae,
896 588 1009 617 mater
1034 594 1117 616 vero
1143 583 1178 616 S.
1205 583 1367 624 Adriani,
1398 585 1565 628 principis
1591 590 1626 619 et

266 641 444 685 martyris,
463 646 567 684 atque
585 640 735 674 filiarum
755 640 910 679 Babilae,
928 639 1077 678 Aureae,
1103 639 1229 679 Juliae,
1256 645 1290 673 et
1314 640 1501 680 Victoriae,
1528 652 1626 675 soror

267 697 387 730 itidem
406 697 440 730 S.
461 696 618 730 Macririi
643 696 804 740 episcopi,
830 700 872 729 ut
896 701 1017 729 narrat
1043 695 1139 729 Petri
1166 695 1355 741 Catalogus
1381 697 1440 730 lib.
1468 706 1523 730 lx.
1550 708 1624 741 cap.

268 762 424 786 xxcvn.
446 752 581 786 Audita
595 757 793 785 sanctarum
807 752 967 785 undecim
979 752 1127 785 millium
1142 752 1321 797 virginum
1336 753 1625 797 peregrinatione,

267 821 309 842 ex
327 809 445 842 Sicilia
462 809 499 842 in
517 809 722 842 Germanias
741 808 928 847 advolavit,
952 808 1013 841 ubi
1037 819 1115 841 cum
1142 808 1185 841 iis
1211 819 1322 851 passa,
1349 819 1442 842 nunc
1467 808 1626 842 Treviris

268 865 370 898 cubat
383 865 419 898 in
431 865 595 899 coenobio
614 864 649 898 S.
665 865 850 898 Matthiae.
892 863 1048 897 Annales
1062 863 1321 908 Archiepiscop.
1338 864 1519 898 Treviren.
1533 865 1626 908 apud

265 920 287 953 J
291 932 366 954 oan.
392 921 611 955 Gualterium
638 932 717 966 pag.
737 929 943 953 MCDXXIX.
994 920 1140 954 Venisse
1158 924 1274 954 autem
1293 932 1368 954 eam
1386 931 1465 954 cum
1482 921 1624 965 reliquis

267 977 459 1016 Coloniam,
482 976 573 1010 Acta
590 976 888 1019 Archiepiscopat.
915 975 1131 1009 Coloniensis
1157 977 1351 1020 loquuntur
1368 977 1460 1020 apud
1479 977 1625 1010 eundem

266 1033 487 1067 Gualterium
506 1033 680 1067 Chronico
699 1032 859 1065 Chronic.
886 1043 964 1077 pag.
985 1040 1153 1065 MCCLIX.
1181 1043 1243 1066 nec
1268 1033 1359 1066 ullae
1384 1033 1472 1066 aliae
1498 1034 1540 1067 de
1565 1033 1626 1066 illa

265 1091 361 1134 apud
378 1101 433 1123 me
450 1090 648 1123 memoriae.

313 1146 422 1180 Passa
445 1151 497 1180 est
520 1157 612 1179 anno
633 1153 768 1179 CDLIV.
820 1144 958 1178 Colitur
974 1155 1053 1178 cum
1071 1145 1148 1179 aliis
1166 1145 1222 1179 die
1239 1145 1425 1186 communi,
1448 1153 1536 1180 xxl.
1555 1144 1625 1180 No-

264 1202 425 1237 vembris.

773 1313 807 1346 S.
835 1311 981 1346 GERO.
1034 1316 1117 1348 581.

268 1428 301 1461 S.
322 1427 449 1467 GERO,
473 1427 590 1460 sinon
609 1426 743 1465 Scottis,
770 1430 861 1459 certe
887 1425 1012 1459 Scotici
1039 1424 1073 1459 S.
1101 1426 1323 1460 pantaleonis
1349 1426 1502 1460 coenobii
1527 1426 1625 1461 Colo-

266 1485 346 1517 niae
372 1484 488 1523 abbas,
516 1483 609 1527 quod
635 1483 775 1526 quidem
801 1481 1004 1515 coenobium
1030 1482 1251 1521 Wilhelmus,
1277 1482 1403 1515 Achaii
1430 1483 1520 1527 regis
1547 1483 1626 1517 Sco-

267 1542 336 1573 tiae
367 1540 486 1579 frater,
516 1545 594 1583 post
628 1538 882 1582 expeditionem
922 1536 1233 1581 Longobardicam,
1268 1538 1333 1571 sub
1367 1538 1476 1583 signis
1511 1539 1625 1573 Caroli

267 1597 391 1642 Magni
426 1596 571 1629 feliciter
595 1594 830 1632 terminatam,
856 1594 893 1626 in
922 1594 1072 1637 gratiam
1097 1594 1211 1638 gentis
1240 1605 1322 1627 suae
1347 1595 1536 1635 excitavit3
1567 1596 1623 1629 cui

268 1653 360 1687 Gero
390 1658 489 1686 tanta
520 1651 733 1685 continentia
762 1649 926 1693 praefuit,
955 1653 996 1682 ut
1023 1650 1177 1682 maxima
1203 1654 1238 1683 et
1262 1651 1458 1684 sanctitatis
1483 1656 1518 1684 et
1543 1652 1625 1685 boni

269 1709 449 1755 regiminis
475 1711 683 1752 argumenta
708 1706 900 1749 reliquerit.
954 1705 1119 1739 Meminit
1137 1707 1211 1751 ejus
1231 1705 1389 1740 Historia
1407 1706 1625 1740 Inventiouis

268 1767 302 1799 S.
322 1765 478 1798 Maurini
497 1775 569 1807 cap.
589 1772 659 1797 vn.
685 1768 726 1796 ut
743 1763 865 1796 recitat
883 1761 1007 1794 Surius
1025 1766 1108 1795 tom.
1128 1771 1187 1795 111.
1213 1763 1350 1806 plenius
1368 1762 1568 1796 Gualterius
1587 1771 1624 1795 v.

268 1831 328 1856 eL.
344 1823 379 1854 in
393 1821 492 1854 Actis
504 1819 832 1863 Archiepiscopatus
845 1818 1071 1851 Coloniensis.
1099 1818 1174 1852 Pet.
1187 1819 1386 1863 Bugianus:
1402 1824 1422 1838 ‘⁶
1434 1818 1467 1852 S.
1481 1818 1623 1859 Gerion,

270 1879 375 1912 abbas
394 1877 528 1915 Scotus,
547 1875 722 1909 confessor
736 1875 764 1908 :”
789 1885 886 1907 error
903 1874 1000 1913 levis,
1023 1874 1122 1917 quasi
1140 1875 1230 1907 idem
1256 1878 1345 1907 esset
1370 1885 1448 1907 cum
1467 1886 1507 1908 eo
1524 1876 1624 1920 qu'us

269 1934 472 1968 memoriam
506 1933 628 1966 recolit
662 1932 803 1964 ecclesia
836 1940 875 1963 x.
907 1930 1079 1968 Octobris,
1109 1930 1169 1973 qui
1200 1941 1279 1963 cum
1308 1931 1472 1964 trecentis
1507 1932 1624 1965 decem

269 1996 303 2024 et
320 1996 397 2024 octo
415 1990 516 2023 sociis
542 1988 706 2022 Coloniae
731 1997 864 2030 passuS,
890 1997 969 2020 cum
994 1996 1103 2029 paene
1128 1986 1220 2019 inter
1244 1987 1337 2030 ipsos
1362 1988 1515 2020 sexcenti
1541 1988 1623 2021 anni

269 2052 421 2081 currant.
475 2046 544 2078 Hic
561 2049 679 2078 noster
696 2054 778 2077 vero
795 2042 1046 2076 monasterium
1065 2043 1250 2085 reparavit,
1277 2043 1453 2076 ecclesiam
1472 2044 1621 2083 ornavit,

269 2105 459 2137 claustrum
493 2100 674 2146 magnifice
708 2099 894 2138 decoravit,
937 2102 979 2131 ut
1012 2102 1088 2131 acta
1126 2098 1191 2131 loci
1234 2103 1419 2132 testantur.
1487 2099 1624 2143 Scripta

293 2160 456 2194 erierunt.

268 2172 291 2204 p
317 2215 483 2250 Florebat
500 2224 591 2248 anno
609 2220 801 2247 Decccxc.
853 2210 991 2246 Colitur
1009 2219 1095 2244 xlx.
1115 2210 1250 2244 Martii.
1300 2209 1418 2245 Jacob.
1437 2210 1570 2255 Cheyn.
