1861 2682
259 231 321 260 :308
641 230 867 262 HISTORIA
890 229 1252 261 ECCLESIASTICA

701 376 735 410 S.
763 375 1046 410 GERNADUS.
1091 379 1180 413 572.

265 492 299 523 S.
319 490 552 528 GERNADUS,
572 490 661 523 alius
685 501 706 523 a
728 489 915 532 superiore,
941 489 1021 522 licet
1038 488 1252 532 synchronos
1270 489 1450 533 episcopus
1469 489 1625 524 Moravi-

265 547 366 580 ensis.
414 545 576 585 Alcuino,
590 546 778 584 Clemente,
792 545 949 585 Rabano,
965 549 999 578 et
1011 544 1035 577 J
1036 556 1146 578 oanne
1159 545 1203 578 ad
1217 545 1381 578 Carolum
1393 545 1565 590 Magnum
1580 547 1623 579 ab

266 602 400 636 Achaio
418 613 499 647 rege
516 603 554 635 in
577 602 727 635 Galliam
752 601 945 640 destinatis,
971 601 1146 634 ecclesiam
1171 612 1271 635 suam
1295 602 1353 634 ille
1378 602 1471 635 domi
1496 613 1622 647 magna

267 659 508 699 sollicitudine,
526 660 656 703 pietate
673 658 816 702 majore,
835 657 938 691 rexit.
989 656 1136 700 Scripsit

407 715 462 747 De
479 718 627 757 utroque
645 713 870 746 Testamento
1136 712 1195 745 lib.
1215 721 1240 745 1.

410 769 464 802 De
482 769 655 812 Tempore
672 768 778 813 Legis
796 773 831 802 et
849 768 991 802 Gratiae
1137 768 1197 801 lib.
1217 776 1241 800 1.

409 825 463 859 De
481 825 661 859 Laudibus
680 824 853 868 Deiparae
871 825 1005 858 Mariae
1133 824 1192 857 lib.
1212 832 1237 857 Ι.
1264 828 1298 858 et
1318 824 1396 864 alia,
1421 835 1509 868 quae
1526 827 1626 858 scele-

458 885 534 914 stus
551 880 701 914 Balaeus
718 879 845 925 Anglis
863 881 1035 914 attribuit.

316 938 452 971 Claruit
469 948 561 970 anno
579 945 757 970 DCCCXII.
809 936 946 970 Colitur
963 937 1100 980 templis
1118 935 1193 969 Deo
1219 936 1284 970 sub
1309 936 1385 981 ejus
1411 937 1627 970 invocatione

268 994 395 1037 ubique
413 994 511 1039 regni
529 993 662 1032 erectis,
680 997 715 1026 et
732 992 801 1025 aris
818 993 995 1031 dedicatis,
1013 993 1068 1025 die
1086 1001 1174 1025 VIII.
1193 991 1414 1026 Novembris.
1467 992 1625 1026 Breviar.

269 1051 413 1084 Scotica.

718 1162 753 1194 S.
782 1160 1042 1195 GILLENUS.
1096 1163 1176 1197 573.

268 1277 302 1309 S.
322 1276 533 1309 GILLENUS
548 1274 663 1313 abbas,
677 1273 966 1318 peregrinationis
985 1273 1018 1306 S.
1036 1272 1242 1306 Columbani
1259 1272 1372 1305 socius
1387 1282 1425 1304 ac
1439 1271 1626 1314 discipulus

270 1332 462 1366 indefessus
487 1342 549 1374 per
574 1330 789 1369 Britannias,
816 1329 958 1367 Gallias,
984 1328 1199 1367 Germanias,
1226 1332 1261 1360 et
1279 1327 1429 1360 Italiam.
1476 1326 1626 1360 Joannes

271 1388 388 1433 Major
407 1388 467 1421 lib.
487 1397 528 1420 ΙΙ.
549 1387 684 1420 Histor.
704 1386 855 1430 Magnae
872 1385 1077 1418 Britanniae
1095 1395 1168 1427 cap.
1188 1391 1258 1416 VII.
1309 1382 1455 1426 Scripsit

414 1443 600 1488 Speculum
617 1442 721 1476 Vitae
738 1441 910 1474 humanae
1138 1440 1198 1473 lib.
1218 1449 1242 1472 1.

415 1499 593 1543 Epistolas
611 1500 654 1532 ad
672 1499 813 1532 Fratres
1140 1496 1199 1529 lib.
1220 1503 1243 1527 1.

319 1556 469 1590 Vivebat
487 1567 578 1589 anno
596 1564 691 1588 DXL.
710 1565 771 1587 nec
788 1555 890 1597 plura
906 1554 948 1586 de
965 1564 1005 1586 eo
1022 1552 1144 1595 reperi.

703 1666 738 1698 S.
766 1663 1061 1698 GISIBARIUS.
1113 1665 1194 1699 574.

272 1782 306 1813 S.
335 1781 565 1813 GISIBARIUS
595 1779 786 1822 presbyter,
817 1777 929 1809 socius
958 1775 995 1809 S.
1024 1775 1199 1808 Rudberti
1230 1773 1335 1812 Scoti,
1363 1784 1401 1806 ac
1428 1774 1627 1817 discipulus,

273 1838 313 1869 (le
339 1847 408 1880 quo
437 1835 471 1867 S.
499 1834 695 1867 Eberhardi
721 1833 911 1876 discipulus
937 1832 1030 1875 apud
1056 1831 1235 1864 Canisium
1261 1834 1345 1862 tom.
1373 1838 1415 1862 ΙΙ.
1442 1829 1628 1872 Antiquar.

274 1893 430 1925 Lection.
453 1902 533 1935 pag.
561 1899 682 1923 CCLII.
710 1894 730 1909 ‘⁶
753 1897 840 1922 VIII.
868 1888 997 1921 calend.
1025 1887 1166 1920 Octobr.
1193 1886 1375 1918 translatio
1399 1885 1433 1918 S.
1459 1885 1630 1918 Rudberti

277 1948 438 1991 episcopi,
464 1958 553 1990 quae
578 1946 669 1979 facta
695 1950 746 1978 est
772 1945 815 1978 ab
839 1945 998 1987 episcopo
1023 1942 1184 1987 Virgilio,
1212 1942 1273 1984 qui
1298 1940 1368 1974 fuit
1386 1949 1473 1973 VIII.
1501 1941 1543 1973 ab
1561 1941 1629 1978 illo,

274 2015 351 2036 cum
370 2015 439 2046 quo
457 2002 638 2035 transtulit
657 2006 691 2034 et
715 2002 800 2034 duos
822 2000 1041 2042 presbyteros
1067 1998 1142 2042 ejus
1168 1997 1202 2030 S.
1222 1997 1457 2030 Chunialdum
1484 2001 1518 2028 et
1540 1995 1630 2028 Gisi-

275 2061 420 2097 barium,
439 2068 586 2102 quorum
606 2057 789 2094 festivitas,
807 2056 889 2098 quia
906 2056 1002 2088 nullo
1020 2055 1074 2087 die
1092 2055 1128 2087 in
1147 2065 1237 2087 anno
1260 2053 1420 2091 habetur,
1438 2053 1557 2086 eodem
1575 2053 1630 2084 die

275 2115 482 2148 nominatim
511 2115 548 2146 in
578 2114 654 2156 ipsa
687 2113 730 2145 ad
764 2123 869 2155 quam
896 2111 1056 2143 translati
1085 2111 1236 2149 ecclesia,
1268 2114 1438 2142 statutum
1467 2113 1519 2141 est
1549 2109 1632 2140 cele-

275 2171 399 2204 brari.’'
449 2169 568 2203 Scotos
594 2169 656 2202 hos
683 2169 770 2201 duos
793 2167 900 2200 fuisse
925 2167 1043 2199 scribit
1069 2167 1196 2199 diserte
1224 2165 1259 2199 S.
1291 2165 1481 2198 Hartuicus
1507 2165 1566 2197 lib.
1591 2165 1632 2196 de

275 2226 505 2271 Synodalibus
530 2226 686 2259 Decretis
712 2225 806 2268 apud
833 2223 1108 2256 continuatorem
1135 2222 1303 2255 Forduni.
1365 2220 1529 2254 Meminit
1554 2231 1631 2252 auc-

275 2290 330 2317 tor
359 2293 555 2328 anonymus
585 2281 689 2315 Vitae
720 2280 755 2315 S.
787 2279 958 2313 Rudberti
991 2290 1062 2322 cap.
1094 2287 1211 2311 XVIII.
1241 2282 1324 2311 tom.
1356 2285 1408 2310 vl.
1443 2276 1629 2318 Antiquar.
