1861 2682
298 470 787 525 HISTORIAE
829 467 1575 524 ECCLESIASTICAE

581 571 856 620 GENTIS
893 569 1284 619 SCOTORUM

805 699 984 739 LIBER
1014 700 1069 739 II.

681 877 717 911 S.
744 874 1058 910 BALDREDUS.
1112 879 1192 910 122.

256 976 316 1010 DE
334 974 369 1008 S.
389 974 572 1013 Baldredo,
590 973 749 1017 episcopo
765 972 978 1011 fflascuensi,
997 972 1032 1006 S.
1053 972 1261 1018 Kentigerni
1285 982 1489 1010 successore,
1513 971 1617 1005 verba

257 1031 417 1065 Hectoris
436 1030 575 1063 Boethii
593 1040 635 1063 ex
653 1029 712 1062 lib.
733 1038 788 1062 IX.
808 1028 902 1062 Hist.
922 1028 1013 1062 Scot.
1033 1039 1218 1072 apponam.
1246 1033 1266 1047 ‘⁶
1285 1027 1398 1061 Divus
1414 1027 1618 1065 Baldredus‚

254 1087 378 1120 Scotus
395 1097 530 1132 genere,
551 1086 729 1119 Pictorum
748 1085 878 1124 doctor,
896 1085 956 1128 qui
975 1085 1034 1118 ubi
1058 1085 1175 1118 Pictos
1198 1089 1289 1118 recta
1310 1083 1376 1116 fide
1399 1084 1457 1127 pio
1480 1083 1621 1116 institu-

254 1143 336 1175 isset
354 1143 489 1181 sudore‚
509 1143 545 1174 in
564 1142 672 1174 Bassa
697 1141 798 1183 (arcis
821 1145 873 1174 est
895 1151 1021 1174 nomen
1044 1141 1081 1174 in
1104 1140 1296 1179 Laudonia,
1314 1140 1379 1173 loci
1397 1144 1523 1172 natura
1546 1149 1618 1171 om-

253 1198 350 1230 nium
369 1197 633 1235 munitissimae,
656 1197 797 1239 scopulo
820 1197 989 1229 altissimo
1012 1197 1161 1240 amplius
1179 1196 1315 1230 duobus
1333 1206 1499 1238 passuum
1518 1194 1619 1227 milli-

253 1253 316 1286 bus
331 1264 350 1286 a
363 1252 564 1290 continenti,
578 1252 731 1294 undique
745 1252 832 1284 mari
847 1252 969 1291 cincto,
988 1253 1088 1295 sitae)
1108 1253 1182 1285 vita
1199 1252 1423 1296 defungitur3
1442 1261 1620 1294 quumque

252 1309 360 1343 trium
386 1307 628 1352 parochiarum
654 1307 733 1345 viri,
758 1306 964 1346 Aldhamae‚
991 1307 1234 1352 Tinnigamae,
1258 1312 1292 1340 et
1311 1307 1468 1346 preston,
1492 1317 1555 1350 pro
1572 1306 1621 1339 ef-

252 1365 392 1398 ferendo
405 1363 525 1397 funere
538 1363 763 1401 decertarent,
777 1362 949 1402 omnibus,
963 1367 1003 1396 ut
1016 1367 1087 1396 tam
1103 1368 1221 1396 sancto
1235 1364 1380 1408 pignore
1398 1363 1618 1396 honestaren-

252 1427 321 1460 tur,
339 1419 637 1457 contendentibus,
654 1422 892 1462 spectaretque
918 1429 971 1452 res
996 1430 1102 1463 prope
1126 1419 1169 1452 ad
1193 1419 1371 1464 injuriam,
1395 1419 1526 1462 placuit
1549 1429 1621 1452 om-

252 1477 350 1510 nium
368 1486 537 1509 consensu
554 1479 753 1518 sequentem
772 1479 906 1507 noctem
925 1476 992 1519 piis
1011 1476 1210 1509 assistentes
1228 1475 1485 1519 precationibus
1503 1486 1620 1508 sacras

252 1543 354 1577 agere
368 1532 517 1576 vigilias,
532 1531 700 1574 postridie
713 1530 806 1574 quod
824 1531 888 1563 loci
908 1532 1065 1574 pontifex
1085 1532 1128 1575 (is
1143 1536 1218 1565 tum
1233 1531 1323 1565 forte
1341 1532 1432 1570 illuc,
1447 1536 1487 1564 ut
1506 1542 1621 1564 sacrae

252 1588 496 1632 supplicationi
526 1587 671 1625 adesset,
699 1589 856 1631 venerat)
885 1587 922 1620 in
946 1599 983 1621 re
1010 1587 1214 1621 faciundum
1239 1588 1377 1627 diceret,
1406 1588 1535 1631 absque
1560 1588 1620 1620 lite

252 1648 515 1688 exequerentur.
558 1643 694 1676 Exacta
712 1647 811 1676 nocte
829 1647 898 1676 tres
917 1645 1042 1687 capuli,
1061 1645 1174 1677 tribus
1192 1655 1270 1677 cum
1290 1645 1502 1688 corporibus,
1518 1645 1622 1677 vesti-

253 1701 378 1734 mentis
392 1700 498 1733 sacris
512 1699 672 1732 decenter
685 1700 810 1738 ornati,
824 1700 919 1732 nullo
933 1701 1025 1733 inter
1037 1711 1073 1734 se
1087 1701 1338 1745 magnitudine,
1351 1705 1412 1733 aut
1423 1701 1545 1738 colore,
1560 1705 1620 1733 aut

252 1757 319 1790 alio
332 1756 456 1800 quovis
471 1755 679 1794 discrimine,
691 1767 710 1788 a
722 1756 956 1789 sacerdotibus
968 1757 1033 1790 sub
1044 1757 1185 1790 dubiam
1198 1758 1309 1789 lucem
1322 1757 1467 1795 inventi,
1475 1756 1620 1801 jubente

255 1813 424 1856 episcopo,
448 1812 517 1855 piis
542 1823 581 1845 ac
602 1812 702 1844 laetis
728 1812 847 1854 populi
874 1813 1178 1846 acclamationibus
1199 1813 1242 1845 ad
1263 1812 1331 1845 tria
1354 1812 1469 1844 vicina
1494 1813 1622 1854 templa

254 1873 336 1901 sunt
370 1868 471 1901 delati
487 1878 496 1907 3
537 1867 596 1900 ubi
627 1868 717 1901 idem
750 1867 856 1900 funus
886 1867 1005 1900 divina
1035 1879 1139 1912 opera
1173 1868 1285 1901 tribus
1319 1868 1355 1900 in
1385 1868 1467 1900 locis
1498 1868 1621 1900 celebri

255 1934 391 1967 pompa,
411 1924 634 1967 honestisque
651 1923 874 1967 sarcophagis
893 1924 1082 1963 conditum,
1101 1925 1165 1958 hoc
1182 1929 1302 1957 nostro
1319 1935 1405 1957 aevo
1423 1935 1442 1956 a
1460 1924 1621 1968 religioso

254 1979 380 2023 populo
395 1979 461 2021 piis
476 1980 565 2012 votis
579 1979 802 2013 honoratur.”
829 1979 931 2018 Quod
945 1991 984 2013 eo
998 1980 1174 2014 lubentius
1189 1980 1303 2018 retuli,
1318 1991 1387 2023 quo
1400 1980 1481 2024 jure
1498 1980 1618 2012 mirari

255 2035 372 2068 lubeat
389 2035 519 2067 nullam
537 2035 579 2067 de
596 2040 667 2068 tam
687 2040 806 2068 sancto
820 2036 895 2068 viro
913 2035 950 2068 in
968 2035 1235 2080 Martyrologiis
1253 2034 1379 2067 factam
1398 2034 1619 2067 mentionem.

256 2090 420 2124 Meminit
436 2089 492 2122 Jo.
511 2089 674 2123 Leslaeus
691 2091 751 2123 lib.
773 2100 825 2124 IV.
852 2091 948 2125 Hist.
968 2091 1058 2124 Scot.
1084 2102 1162 2135 pag.
1183 2099 1278 2124 CLII.
1302 2098 1336 2123 et
1358 2089 1459 2123 Joan.
1486 2090 1621 2123 Fordu-

254 2157 319 2179 nus
339 2146 415 2178 MS.
441 2146 477 2178 in
502 2145 595 2179 Hist.
619 2146 710 2180 Scot.
736 2147 794 2180 lib.
815 2156 884 2180 vn.
910 2151 1108 2181 asservatus
1132 2146 1380 2190 Cantabrigiae
1404 2147 1439 2179 in
1466 2146 1621 2191 Collegio

256 2203 301 2235 D.
322 2201 513 2240 Benedicti,
531 2202 591 2245 qui
609 2203 730 2235 asserit
749 2214 828 2235 eum
846 2203 1025 2246 scripsisse
1041 2203 1222 2246 quaedam,
1242 2206 1277 2236 et
1294 2202 1386 2235 inter
1403 2213 1443 2235 ea

399 2258 451 2291 De
470 2257 623 2291 Scoticae
641 2257 815 2290 Ecclesiae
833 2257 935 2291 Statu
1177 2259 1236 2292 lib.
1258 2268 1281 2291 1.

301 2312 429 2347 Vivere
447 2313 549 2347 desiit
567 2324 658 2347 anno
676 2321 783 2347 Devi.
836 2312 972 2347 Colitur
989 2314 1044 2348 die
1062 2323 1115 2347 vl.
1134 2314 1268 2349 Martii.
1320 2314 1477 2348 Breviar.
1498 2313 1619 2347 Scotic.

924 2378 949 2402 K
