1861 2682
584 261 755 293 GENTIS
779 261 1050 297 SCOTORUM,
1075 261 1162 291 LIB.
1189 261 1250 291 III.
1540 261 1606 291 175

241 355 402 393 Scothnm,
423 353 629 387 Hiberniam
647 354 725 386 fidei
744 355 950 387 rudimentis
969 353 1197 396 praedicando
1216 351 1424 385 imbuisset?
1454 352 1534 394 quis
1552 353 1601 383 in-

240 421 343 453 super
359 411 394 442 in
409 409 523 443 Gallia
541 409 724 442 almificam
743 415 777 442 et
791 410 1055 442 famatissimam
1070 410 1164 441 illam
1184 408 1415 440 Parisiensem
1430 408 1601 439 universi-

240 471 346 498 tatem
374 466 611 498 instituisset?
639 467 716 508 quis
742 466 1022 509 potentissimum
1050 465 1268 507 nobilemque
1294 464 1330 496 in
1358 464 1506 496 Francia
1532 464 1604 506 epi-

240 526 418 563 scopatum
438 522 536 554 illum
558 522 843 564 IIerbipolensem
861 520 1067 554 fundasset?
1094 531 1198 563 quem
1217 521 1338 563 utique
1363 520 1407 552 D.
1428 519 1602 552 Burchar-

240 578 334 615 dum,
356 578 507 620 primum
528 578 602 621 ejus
630 578 789 610 ecclesiae
812 577 1015 620 praesidem,
1041 577 1143 609 sicuti
1167 580 1201 609 et
1224 576 1457 608 Parisiensem
1484 576 1602 608 acade-

240 633 345 665 miam
375 633 570 675 Alquinmn
604 635 696 679 [lege
727 638 763 665 ut
796 644 911 676 supra,
941 631 1153 676 Alczcinum]
1185 633 1293 664 nostri
1316 632 1447 664 ordinis
1474 636 1601 674 patres,

239 688 402 721 fundasse
419 690 650 722 certissimum
670 690 752 723 est.’'
789 688 878 733 Ejus
893 694 975 722 sunt
993 701 1014 722 a
1028 689 1225 722 Trithemio
1244 694 1277 721 et
1296 687 1449 721 Gesner-o
1467 688 1599 730 posita:

383 744 425 777 In
443 746 598 788 quinque
616 746 722 779 libros
742 745 876 788 Moysis
1246 745 1304 777 lib.
1325 753 1360 776 V.

382 803 424 835 In
442 803 606 836 Judicum
1246 801 1304 833 lib.
1326 810 1349 833 1.

384 858 427 891 In
445 858 544 891 Ruth
1246 857 1304 889 lib.
1326 866 1348 888 1.

384 914 425 947 In
444 914 528 947 Divi
548 915 648 948 Pauli
669 915 847 958 Epistolas
1244 913 1301 945 lib.
1324 921 1348 944 1.
1374 911 1449 944 MS.
1469 911 1599 944 Casini.

430 971 559 1010 Uvion,
587 972 647 1014 qui
675 982 761 1014 opus
789 971 886 1009 illud,
912 971 986 1003 loco
1011 970 1162 1008 laudato,
1189 968 1464 1012 Longobardicis
1492 968 1601 1000 literis

431 1033 550 1060 extare
567 1028 683 1070 prodit
702 1038 842 1060 scamno
860 1035 898 1059 V.

383 1083 425 1115 In
443 1083 550 1116 Josue
1245 1080 1304 1113 lib.
1325 1090 1349 1113 Ι.

382 1139 595 1178 Matthaeus,
615 1150 676 1172 seu
695 1139 1005 1183 Evangelistarum
1024 1137 1228 1175 Concordia,
1243 1137 1302 1170 lib.
1324 1145 1348 1168 1.

382 1194 424 1226 In
443 1194 654 1227 Psalterium
1244 1193 1302 1226 lib.
1323 1201 1347 1225 Ι.

285 1251 423 1284 Floruit
441 1250 506 1283 sub
529 1249 664 1282 Achaio
687 1249 822 1282 Scotiae
843 1261 934 1294 rege,
959 1254 993 1282 et
1016 1249 1140 1282 Carolo
1165 1249 1297 1293 Magno
1319 1248 1486 1281 Franciae
1510 1259 1600 1292 rege,

237 1318 326 1340 anno
346 1314 504 1339 DCCXCI.
524 1306 610 1338 obiit
628 1316 710 1337 vero
728 1316 819 1338 anno
842 1314 955 1338 DCCC.
981 1306 1035 1337 vel
1059 1313 1250 1337 DCCLXVI.
1277 1304 1332 1337 die
1356 1313 1446 1337 X111.
1470 1304 1600 1337 calend.

236 1363 349 1406 April.
392 1362 512 1395 Uvion
530 1361 658 1394 ibidem
676 1361 754 1394 loci.

489 1473 740 1507 CLAUDIUS
765 1473 1004 1507 CLEMENS
1030 1473 1214 1506 ALTER.
1268 1475 1348 1506 304.

235 1587 391 1619 EADEM
415 1591 519 1631 gente
543 1592 578 1620 et
600 1587 806 1631 cognomine
825 1587 991 1619 Claudius
1010 1586 1180 1625 Clemens,
1205 1587 1263 1619 sed
1287 1588 1391 1630 paulo
1409 1588 1519 1620 serius
1538 1587 1597 1620 SS.

235 1643 429 1687 theologiae
455 1643 572 1676 studia
597 1654 667 1676 non
694 1643 888 1687 vulgariter
911 1643 1072 1680 excoluit,
1104 1643 1231 1675 illustri
1258 1644 1332 1675 loco
1358 1648 1472 1681 natus,
1500 1655 1600 1676 carus

235 1698 416 1732 Ludovico
434 1699 499 1732 Pio
522 1699 737 1742 imperatori,
761 1700 861 1743 cujus
886 1698 1115 1741 expeditionis
1139 1699 1175 1730 in
1200 1698 1396 1732 Normanos
1422 1704 1600 1743 susceptae

236 1755 396 1787 meminit
425 1756 462 1787 in
489 1755 703 1797 praefatione
734 1755 777 1787 ad
803 1755 999 1799 Epistolam
1025 1754 1070 1787 D.
1099 1754 1200 1787 Pauli
1225 1755 1268 1787 ad
1295 1754 1460 1788 Galatas:
1486 1767 1507 1788 a
1531 1767 1599 1798 quo

235 1811 415 1854 episcopus
449 1811 678 1844 Taurinensis
713 1812 749 1844 in
780 1810 1006 1844 Pedemontio
1037 1815 1265 1849 consecratus,
1304 1812 1393 1843 male
1427 1811 1469 1843 de
1500 1822 1598 1844 cruce

236 1867 354 1905 sensit,
382 1872 570 1910 contraque
600 1878 679 1900 eum
707 1868 835 1901 librum
864 1867 971 1900 edidit
994 1866 1102 1899 Jonas
1126 1867 1306 1909 episcopus
1329 1866 1510 1899 Aurelian.
1539 1866 1598 1900 Vi-

238 1923 393 1967 gornien.
414 1934 504 1956 anno
524 1932 729 1956 DCCCLXII.
760 1924 864 1956 Falso
882 1934 960 1956 cum
975 1922 1192 1966 praecedenti
1206 1923 1425 1955 confundunt
1443 1928 1526 1956 tom.
1541 1932 1596 1956 IX.

237 1978 279 2010 Bi
287 1978 445 2011 bliothec.
464 1979 524 2011 SS.
544 1979 690 2012 Patrum
709 1980 860 2024 theologi
879 1979 1122 2017 Colonienses3
1142 1989 1222 2011 nam
1242 1984 1335 2012 aetas
1353 1990 1423 2012 non
1437 1980 1595 2023 quadrat,

235 2034 300 2067 etsi
318 2034 487 2076 quaedam
505 2035 634 2077 scripta
651 2036 770 2068 eodem
788 2036 859 2068 sint
877 2040 1083 2079 argumento
1101 2040 1270 2078 suscepta,
1295 2039 1330 2067 et
1352 2035 1456 2068 titulo
1477 2036 1596 2069 eodem

235 2091 359 2122 emissa
374 2099 382 2122 z
400 2090 456 2122 hic
474 2095 591 2123 tamen
609 2096 762 2134 tempore
780 2092 951 2134 posterior
968 2090 1047 2130 fuit,
1068 2095 1102 2124 et
1120 2102 1197 2123 cum
1216 2091 1273 2123 ille
1290 2091 1328 2124 in
1342 2090 1475 2130 Galliis,
1491 2092 1547 2125 hic
1560 2093 1596 2125 in

236 2146 339 2179 Italia
354 2151 470 2178 sancte
485 2146 620 2190 agebat.
660 2146 761 2179 Joan.
782 2147 898 2191 Major
915 2147 974 2180 lib.
995 2155 1037 2179 11.
1056 2146 1151 2180 Hist.
1167 2148 1258 2180 Scot.
1282 2158 1355 2191 cap.
1376 2157 1465 2181 XIII.
1490 2149 1596 2191 impe-

236 2203 302 2235 rite
320 2203 423 2234 etiam
443 2201 635 2235 confundit.
679 2202 776 2236 Inter
793 2202 937 2236 Latinos
954 2208 1073 2246 poetas
1092 2215 1171 2237 eum
1189 2203 1302 2238 Lilius
1320 2203 1494 2248 Gyraldus
1513 2204 1596 2237 Fer-

236 2257 399 2291 rariensis
418 2258 527 2301 ponit.
580 2257 671 2302 Ejus
689 2263 792 2291 sunt:

380 2314 578 2348 Sententiae
595 2315 765 2358 quaedam
784 2314 1014 2359 Theologicae
1147 2315 1206 2349 lib.
1228 2325 1252 2349 1.
1271 2321 1391 2350 contra
1408 2327 1493 2360 quas
1512 2317 1593 2350 scri-

875 2373 897 2403 2
916 2381 943 2404 A
