<?xml version="1.0" encoding="UTF-8"?>
<!DOCTYPE html PUBLIC "-//W3C//DTD XHTML 1.0 Transitional//EN"
    "http://www.w3.org/TR/xhtml1/DTD/xhtml1-transitional.dtd">
<html xmlns="http://www.w3.org/1999/xhtml" xml:lang="en" lang="en">
 <head>
  <title>
</title>
<meta http-equiv="Content-Type" content="text/html;charset=utf-8" />
  <meta name='ocr-system' content='tesseract 3.04.00' />
  <meta name='ocr-capabilities' content='ocr_page ocr_carea ocr_par ocr_line ocrx_word'/>
</head>
<body>
  <div class='ocr_page' id='page_1' title='image "./thomaedempsterih00bann_0133.png"; bbox 0 0 1861 2682; ppageno 0'>
   <div class='ocr_carea' id='block_1_1' title="bbox 620 249 1615 290">
    <p class='ocr_par' dir='ltr' id='par_1_1' title="bbox 620 249 1615 290">
     <span class='ocr_line' id='line_1_1' title="bbox 620 249 1615 290; baseline -0.011 0"><span class='ocrx_word' id='word_1_1' title='bbox 620 255 791 290; x_wconf 90' lang='lat' dir='ltr'>GENTIS</span> <span class='ocrx_word' id='word_1_2' title='bbox 815 250 1086 290; x_wconf 89' lang='lat' dir='ltr'>SCOTORUM‚</span> <span class='ocrx_word' id='word_1_3' title='bbox 1111 250 1200 284; x_wconf 88' lang='lat' dir='ltr'><strong>LIB.</strong></span> <span class='ocrx_word' id='word_1_4' title='bbox 1223 250 1249 282; x_wconf 94' lang='lat'>1.</span> <span class='ocrx_word' id='word_1_5' title='bbox 1574 249 1615 279; x_wconf 80' lang='lat'>63</span> 
     </span>
    </p>
   </div>
   <div class='ocr_carea' id='block_1_2' title="bbox 568 400 1304 440">
    <p class='ocr_par' dir='ltr' id='par_1_2' title="bbox 568 400 1304 440">
     <span class='ocr_line' id='line_1_2' title="bbox 568 400 1304 440; baseline -0.01 0"><span class='ocrx_word' id='word_1_6' title='bbox 568 404 787 440; x_wconf 83' lang='lat' dir='ltr'><strong>JACOBUS</strong></span> <span class='ocrx_word' id='word_1_7' title='bbox 811 402 883 437; x_wconf 89' lang='lat' dir='ltr'>AN</span> <span class='ocrx_word' id='word_1_8' title='bbox 885 400 1171 436; x_wconf 88' lang='lat' dir='ltr'><strong>NANDAEUS.</strong></span> <span class='ocrx_word' id='word_1_9' title='bbox 1224 401 1304 433; x_wconf 77' lang='lat'>114.</span> 
     </span>
    </p>
   </div>
   <div class='ocr_carea' id='block_1_3' title="bbox 254 509 1617 833">
    <p class='ocr_par' dir='ltr' id='par_1_3' title="bbox 254 509 1617 833">
     <span class='ocr_line' id='line_1_3' title="bbox 254 509 1615 558; baseline -0.009 -4"><span class='ocrx_word' id='word_1_10' title='bbox 254 521 275 554; x_wconf 87' lang='lat' dir='ltr'>J</span> <span class='ocrx_word' id='word_1_11' title='bbox 279 528 429 554; x_wconf 77' lang='lat' dir='ltr'>Aeosz</span> <span class='ocrx_word' id='word_1_12' title='bbox 448 518 685 553; x_wconf 87' lang='lat' dir='ltr'>Annandaeus</span> <span class='ocrx_word' id='word_1_13' title='bbox 701 515 970 554; x_wconf 87' lang='lat' dir='ltr'>Aberdonensis,</span> <span class='ocrx_word' id='word_1_14' title='bbox 988 512 1102 558; x_wconf 88' lang='lat' dir='ltr'>patria</span> <span class='ocrx_word' id='word_1_15' title='bbox 1118 511 1249 552; x_wconf 89' lang='lat' dir='ltr'>relicta,</span> <span class='ocrx_word' id='word_1_16' title='bbox 1268 510 1424 545; x_wconf 87' lang='lat' dir='ltr'>Parisios</span> <span class='ocrx_word' id='word_1_17' title='bbox 1437 509 1615 547; x_wconf 83' lang='lat' dir='ltr'>concessit,</span> 
     </span>
     <span class='ocr_line' id='line_1_4' title="bbox 254 567 1617 620; baseline -0.009 -10"><span class='ocrx_word' id='word_1_18' title='bbox 254 577 313 610; x_wconf 90' lang='lat' dir='ltr'>ubi</span> <span class='ocrx_word' id='word_1_19' title='bbox 339 575 463 609; x_wconf 92' lang='lat' dir='ltr'>celebri</span> <span class='ocrx_word' id='word_1_20' title='bbox 488 575 542 608; x_wconf 93' lang='lat' dir='ltr'>sui</span> <span class='ocrx_word' id='word_1_21' title='bbox 567 574 750 620; x_wconf 84' lang='lat' dir='ltr'>gentisque</span> <span class='ocrx_word' id='word_1_22' title='bbox 775 572 869 606; x_wconf 83' lang='lat' dir='ltr'>fama</span> <span class='ocrx_word' id='word_1_23' title='bbox 892 570 1114 605; x_wconf 85' lang='lat' dir='ltr'>humaniores</span> <span class='ocrx_word' id='word_1_24' title='bbox 1139 567 1294 613; x_wconf 90' lang='lat' dir='ltr'>primum</span> <span class='ocrx_word' id='word_1_25' title='bbox 1320 567 1450 605; x_wconf 85' lang='lat' dir='ltr'>literas,</span> <span class='ocrx_word' id='word_1_26' title='bbox 1476 576 1557 599; x_wconf 86' lang='lat' dir='ltr'>mox</span> <span class='ocrx_word' id='word_1_27' title='bbox 1584 570 1617 598; x_wconf 87' lang='lat' dir='ltr'>et</span> 
     </span>
     <span class='ocr_line' id='line_1_5' title="bbox 255 627 958 676; baseline -0.007 -11"><span class='ocrx_word' id='word_1_28' title='bbox 255 631 510 676; x_wconf 86' lang='lat' dir='ltr'>philosophiam</span> <span class='ocrx_word' id='word_1_29' title='bbox 527 635 579 664; x_wconf 88' lang='lat' dir='ltr'>est</span> <span class='ocrx_word' id='word_1_30' title='bbox 597 629 783 674; x_wconf 84' lang='lat' dir='ltr'>professus.</span> <span class='ocrx_word' id='word_1_31' title='bbox 834 627 958 661; x_wconf 83' lang='lat' dir='ltr'>Edidit</span> 
     </span>
     <span class='ocr_line' id='line_1_6' title="bbox 401 680 1328 727; baseline -0.008 -7"><span class='ocrx_word' id='word_1_32' title='bbox 401 686 444 720; x_wconf 92' lang='lat' dir='ltr'>In</span> <span class='ocrx_word' id='word_1_33' title='bbox 462 685 610 719; x_wconf 86' lang='lat' dir='ltr'>Ethicae</span> <span class='ocrx_word' id='word_1_34' title='bbox 628 684 871 719; x_wconf 86' lang='lat' dir='ltr'>Aristotelicae</span> <span class='ocrx_word' id='word_1_35' title='bbox 890 682 1076 727; x_wconf 83' lang='lat' dir='ltr'>Synopsim</span> <span class='ocrx_word' id='word_1_36' title='bbox 1223 680 1282 714; x_wconf 86' lang='lat' dir='ltr'>lib.</span> <span class='ocrx_word' id='word_1_37' title='bbox 1303 689 1328 714; x_wconf 88' lang='lat'>1.</span> 
     </span>
     <span class='ocr_line' id='line_1_7' title="bbox 402 737 1328 776; baseline -0.005 -1"><span class='ocrx_word' id='word_1_38' title='bbox 402 742 456 776; x_wconf 85' lang='lat' dir='ltr'>De</span> <span class='ocrx_word' id='word_1_39' title='bbox 475 742 604 775; x_wconf 87' lang='lat' dir='ltr'>Politia</span> <span class='ocrx_word' id='word_1_40' title='bbox 621 741 726 775; x_wconf 91' lang='lat' dir='ltr'>Civili</span> <span class='ocrx_word' id='word_1_41' title='bbox 1223 737 1282 771; x_wconf 85' lang='lat' dir='ltr'>lib.</span> <span class='ocrx_word' id='word_1_42' title='bbox 1303 745 1328 770; x_wconf 89' lang='lat'>1.</span> 
     </span>
     <span class='ocr_line' id='line_1_8' title="bbox 306 797 872 833; baseline -0.007 0"><span class='ocrx_word' id='word_1_43' title='bbox 306 797 540 833; x_wconf 88' lang='lat' dir='ltr'>Profitebatur</span> <span class='ocrx_word' id='word_1_44' title='bbox 557 808 648 831; x_wconf 90' lang='lat' dir='ltr'>anno</span> <span class='ocrx_word' id='word_1_45' title='bbox 666 804 872 831; x_wconf 73' lang='lat' dir='ltr'><strong>MDLxxw.</strong></span> 
     </span>
    </p>
   </div>
   <div class='ocr_carea' id='block_1_4' title="bbox 552 962 1324 1000">
    <p class='ocr_par' dir='ltr' id='par_1_4' title="bbox 552 962 1324 1000">
     <span class='ocr_line' id='line_1_9' title="bbox 552 962 1324 1000; baseline -0.006 0"><span class='ocrx_word' id='word_1_46' title='bbox 552 964 820 1000; x_wconf 90' lang='lat' dir='ltr'>PATRICIUS</span> <span class='ocrx_word' id='word_1_47' title='bbox 844 962 1192 998; x_wconf 85' lang='lat' dir='ltr'>ANDERSONUS.</span> <span class='ocrx_word' id='word_1_48' title='bbox 1245 964 1324 996; x_wconf 89' lang='lat'>115.</span> 
     </span>
    </p>
   </div>
   <div class='ocr_carea' id='block_1_5' title="bbox 260 1075 1628 1399">
    <p class='ocr_par' dir='ltr' id='par_1_5' title="bbox 260 1075 1628 1399">
     <span class='ocr_line' id='line_1_10' title="bbox 263 1075 1624 1113; baseline -0.006 0"><span class='ocrx_word' id='word_1_49' title='bbox 263 1081 482 1113; x_wconf 68' lang='lat' dir='ltr'>PATRICIUS</span> <span class='ocrx_word' id='word_1_50' title='bbox 501 1079 729 1112; x_wconf 89' lang='lat' dir='ltr'>Andersonus</span> <span class='ocrx_word' id='word_1_51' title='bbox 747 1076 931 1111; x_wconf 89' lang='lat' dir='ltr'>Rossensis</span> <span class='ocrx_word' id='word_1_52' title='bbox 955 1077 1080 1110; x_wconf 87' lang='lat' dir='ltr'>tenella</span> <span class='ocrx_word' id='word_1_53' title='bbox 1102 1075 1290 1109; x_wconf 89' lang='lat' dir='ltr'>admodum</span> <span class='ocrx_word' id='word_1_54' title='bbox 1314 1077 1437 1112; x_wconf 88' lang='lat' dir='ltr'>aetate,</span> <span class='ocrx_word' id='word_1_55' title='bbox 1461 1077 1624 1106; x_wconf 83' lang='lat' dir='ltr'>evocante</span> 
     </span>
     <span class='ocr_line' id='line_1_11' title="bbox 262 1128 1627 1178; baseline -0.005 -10"><span class='ocrx_word' id='word_1_56' title='bbox 262 1136 446 1174; x_wconf 88' lang='lat' dir='ltr'>avunculo,</span> <span class='ocrx_word' id='word_1_57' title='bbox 464 1134 591 1168; x_wconf 89' lang='lat' dir='ltr'>Scotici</span> <span class='ocrx_word' id='word_1_58' title='bbox 616 1133 869 1178; x_wconf 89' lang='lat' dir='ltr'>Norimbergae</span> <span class='ocrx_word' id='word_1_59' title='bbox 892 1132 1046 1166; x_wconf 91' lang='lat' dir='ltr'>coenobii</span> <span class='ocrx_word' id='word_1_60' title='bbox 1069 1132 1203 1171; x_wconf 83' lang='lat' dir='ltr'>abbate,</span> <span class='ocrx_word' id='word_1_61' title='bbox 1226 1131 1299 1164; x_wconf 89' lang='lat' dir='ltr'>suis</span> <span class='ocrx_word' id='word_1_62' title='bbox 1322 1130 1462 1168; x_wconf 87' lang='lat' dir='ltr'>relictis,</span> <span class='ocrx_word' id='word_1_63' title='bbox 1487 1129 1524 1162; x_wconf 91' lang='lat' dir='ltr'>in</span> <span class='ocrx_word' id='word_1_64' title='bbox 1548 1128 1627 1162; x_wconf 87' lang='lat' dir='ltr'>Bel—</span> 
     </span>
     <span class='ocr_line' id='line_1_12' title="bbox 260 1185 1628 1236; baseline -0.005 -12"><span class='ocrx_word' id='word_1_65' title='bbox 260 1191 358 1236; x_wconf 91' lang='lat' dir='ltr'>gium</span> <span class='ocrx_word' id='word_1_66' title='bbox 377 1190 483 1229; x_wconf 88' lang='lat' dir='ltr'>venit,</span> <span class='ocrx_word' id='word_1_67' title='bbox 501 1189 651 1223; x_wconf 90' lang='lat' dir='ltr'>Lovanii</span> <span class='ocrx_word' id='word_1_68' title='bbox 669 1189 825 1222; x_wconf 88' lang='lat' dir='ltr'>sedulam</span> <span class='ocrx_word' id='word_1_69' title='bbox 843 1188 942 1222; x_wconf 88' lang='lat' dir='ltr'>bonis</span> <span class='ocrx_word' id='word_1_70' title='bbox 960 1188 1094 1222; x_wconf 89' lang='lat' dir='ltr'>artibus</span> <span class='ocrx_word' id='word_1_71' title='bbox 1118 1198 1259 1232; x_wconf 88' lang='lat' dir='ltr'>operam</span> <span class='ocrx_word' id='word_1_72' title='bbox 1282 1190 1474 1220; x_wconf 86' lang='lat' dir='ltr'>navaturus</span> <span class='ocrx_word' id='word_1_73' title='bbox 1489 1195 1497 1218; x_wconf 90' lang='lat'>:</span> <span class='ocrx_word' id='word_1_74' title='bbox 1522 1185 1628 1218; x_wconf 78' lang='lat' dir='ltr'>niori-</span> 
     </span>
     <span class='ocr_line' id='line_1_13' title="bbox 262 1241 1628 1288; baseline -0.004 -10"><span class='ocrx_word' id='word_1_75' title='bbox 262 1247 326 1279; x_wconf 92' lang='lat' dir='ltr'>bus</span> <span class='ocrx_word' id='word_1_76' title='bbox 343 1246 507 1279; x_wconf 89' lang='lat' dir='ltr'>innocens</span> <span class='ocrx_word' id='word_1_77' title='bbox 524 1255 562 1278; x_wconf 89' lang='lat' dir='ltr'>ac</span> <span class='ocrx_word' id='word_1_78' title='bbox 581 1244 646 1277; x_wconf 87' lang='lat' dir='ltr'>fide</span> <span class='ocrx_word' id='word_1_79' title='bbox 664 1245 809 1288; x_wconf 85' lang='lat' dir='ltr'>integer,</span> <span class='ocrx_word' id='word_1_80' title='bbox 827 1244 1070 1288; x_wconf 86' lang='lat' dir='ltr'>peregrinatus</span> <span class='ocrx_word' id='word_1_81' title='bbox 1087 1248 1140 1277; x_wconf 89' lang='lat' dir='ltr'>est</span> <span class='ocrx_word' id='word_1_82' title='bbox 1158 1244 1319 1283; x_wconf 89' lang='lat' dir='ltr'>Romam,</span> <span class='ocrx_word' id='word_1_83' title='bbox 1343 1242 1404 1276; x_wconf 91' lang='lat' dir='ltr'>ubi</span> <span class='ocrx_word' id='word_1_84' title='bbox 1428 1242 1464 1275; x_wconf 91' lang='lat' dir='ltr'>in</span> <span class='ocrx_word' id='word_1_85' title='bbox 1488 1241 1628 1274; x_wconf 87' lang='lat' dir='ltr'>societa-</span> 
     </span>
     <span class='ocr_line' id='line_1_14' title="bbox 262 1297 1628 1343; baseline -0.004 -8"><span class='ocrx_word' id='word_1_86' title='bbox 262 1307 334 1335; x_wconf 87' lang='lat' dir='ltr'>tem</span> <span class='ocrx_word' id='word_1_87' title='bbox 358 1301 445 1334; x_wconf 86' lang='lat' dir='ltr'>Jesu</span> <span class='ocrx_word' id='word_1_88' title='bbox 469 1300 640 1334; x_wconf 86' lang='lat' dir='ltr'>admissus</span> <span class='ocrx_word' id='word_1_89' title='bbox 665 1310 793 1342; x_wconf 91' lang='lat' dir='ltr'>paucos</span> <span class='ocrx_word' id='word_1_90' title='bbox 823 1299 861 1332; x_wconf 88' lang='lat' dir='ltr'>in</span> <span class='ocrx_word' id='word_1_91' title='bbox 891 1299 1146 1333; x_wconf 87' lang='lat' dir='ltr'>mathematicis</span> <span class='ocrx_word' id='word_1_92' title='bbox 1175 1304 1238 1333; x_wconf 88' lang='lat' dir='ltr'>aut</span> <span class='ocrx_word' id='word_1_93' title='bbox 1268 1299 1302 1332; x_wconf 83' lang='lat' dir='ltr'>S.</span> <span class='ocrx_word' id='word_1_94' title='bbox 1330 1297 1505 1343; x_wconf 85' lang='lat' dir='ltr'>theologia</span> <span class='ocrx_word' id='word_1_95' title='bbox 1529 1307 1628 1340; x_wconf 81' lang='lat' dir='ltr'>pares</span> 
     </span>
     <span class='ocr_line' id='line_1_15' title="bbox 262 1354 1628 1399; baseline -0.005 -7"><span class='ocrx_word' id='word_1_96' title='bbox 262 1358 327 1392; x_wconf 89' lang='lat' dir='ltr'>hoc</span> <span class='ocrx_word' id='word_1_97' title='bbox 352 1358 466 1391; x_wconf 91' lang='lat' dir='ltr'>seculo</span> <span class='ocrx_word' id='word_1_98' title='bbox 490 1355 605 1395; x_wconf 88' lang='lat' dir='ltr'>habet,</span> <span class='ocrx_word' id='word_1_99' title='bbox 631 1355 845 1399; x_wconf 88' lang='lat' dir='ltr'>superiorem</span> <span class='ocrx_word' id='word_1_100' title='bbox 870 1355 1019 1389; x_wconf 82' lang='lat' dir='ltr'>nullum.</span> <span class='ocrx_word' id='word_1_101' title='bbox 1069 1354 1226 1399; x_wconf 88' lang='lat' dir='ltr'>Scripsit,</span> <span class='ocrx_word' id='word_1_102' title='bbox 1257 1359 1298 1389; x_wconf 93' lang='lat' dir='ltr'>ut</span> <span class='ocrx_word' id='word_1_103' title='bbox 1323 1354 1440 1395; x_wconf 88' lang='lat' dir='ltr'>audio,</span> <span class='ocrx_word' id='word_1_104' title='bbox 1473 1354 1531 1387; x_wconf 87' lang='lat' dir='ltr'>sed</span> <span class='ocrx_word' id='word_1_105' title='bbox 1559 1363 1628 1386; x_wconf 86' lang='lat' dir='ltr'>non</span> 
     </span>
    </p>
   </div>
   <div class='ocr_carea' id='block_1_6' title="bbox 264 1414 1371 1793">
    <p class='ocr_par' dir='ltr' id='par_1_6' title="bbox 264 1414 1371 1793">
     <span class='ocr_line' id='line_1_16' title="bbox 264 1414 383 1453; baseline 0 -6"><span class='ocrx_word' id='word_1_106' title='bbox 264 1414 383 1453; x_wconf 87' lang='lat' dir='ltr'>edidit,</span> 
     </span>
     <span class='ocr_line' id='line_1_17' title="bbox 411 1467 1339 1502; baseline -0.001 -1"><span class='ocrx_word' id='word_1_107' title='bbox 411 1468 454 1502; x_wconf 88' lang='lat' dir='ltr'>In</span> <span class='ocrx_word' id='word_1_108' title='bbox 472 1467 684 1502; x_wconf 87' lang='lat' dir='ltr'>Mechanicis</span> <span class='ocrx_word' id='word_1_109' title='bbox 701 1469 814 1502; x_wconf 87' lang='lat' dir='ltr'>multa</span> <span class='ocrx_word' id='word_1_110' title='bbox 1235 1467 1293 1501; x_wconf 86' lang='lat' dir='ltr'>lib.</span> <span class='ocrx_word' id='word_1_111' title='bbox 1314 1476 1339 1500; x_wconf 87' lang='lat'>1.</span> 
     </span>
     <span class='ocr_line' id='line_1_18' title="bbox 409 1523 1341 1568; baseline -0.002 -10"><span class='ocrx_word' id='word_1_112' title='bbox 409 1525 453 1558; x_wconf 91' lang='lat' dir='ltr'>In</span> <span class='ocrx_word' id='word_1_113' title='bbox 470 1524 605 1568; x_wconf 85' lang='lat' dir='ltr'>Opticis</span> <span class='ocrx_word' id='word_1_114' title='bbox 623 1525 734 1558; x_wconf 87' lang='lat' dir='ltr'>multa</span> <span class='ocrx_word' id='word_1_115' title='bbox 1236 1523 1296 1558; x_wconf 86' lang='lat' dir='ltr'>lib.</span> <span class='ocrx_word' id='word_1_116' title='bbox 1317 1532 1341 1557; x_wconf 93' lang='lat'>1.</span> 
     </span>
     <span class='ocr_line' id='line_1_19' title="bbox 409 1579 1338 1626; baseline -0.001 -12"><span class='ocrx_word' id='word_1_117' title='bbox 409 1581 462 1614; x_wconf 94' lang='lat' dir='ltr'>De</span> <span class='ocrx_word' id='word_1_118' title='bbox 480 1580 616 1614; x_wconf 89' lang='lat' dir='ltr'>Sanctis</span> <span class='ocrx_word' id='word_1_119' title='bbox 634 1579 756 1620; x_wconf 90' lang='lat' dir='ltr'>Scotis,</span> <span class='ocrx_word' id='word_1_120' title='bbox 775 1591 882 1626; x_wconf 88' lang='lat' dir='ltr'>grave</span> <span class='ocrx_word' id='word_1_121' title='bbox 899 1586 934 1615; x_wconf 92' lang='lat' dir='ltr'>et</span> <span class='ocrx_word' id='word_1_122' title='bbox 951 1580 1081 1615; x_wconf 90' lang='lat' dir='ltr'>serium</span> <span class='ocrx_word' id='word_1_123' title='bbox 1098 1591 1195 1625; x_wconf 87' lang='lat' dir='ltr'>opus,</span> <span class='ocrx_word' id='word_1_124' title='bbox 1234 1580 1293 1613; x_wconf 88' lang='lat' dir='ltr'>lib.</span> <span class='ocrx_word' id='word_1_125' title='bbox 1314 1589 1338 1613; x_wconf 93' lang='lat'>1.</span> 
     </span>
     <span class='ocr_line' id='line_1_20' title="bbox 411 1636 1336 1680; baseline -0.001 -10"><span class='ocrx_word' id='word_1_126' title='bbox 411 1637 464 1671; x_wconf 91' lang='lat' dir='ltr'>De</span> <span class='ocrx_word' id='word_1_127' title='bbox 481 1636 709 1680; x_wconf 88' lang='lat' dir='ltr'>Blasphemia</span> <span class='ocrx_word' id='word_1_128' title='bbox 727 1637 974 1672; x_wconf 88' lang='lat' dir='ltr'>Ministrorum</span> <span class='ocrx_word' id='word_1_129' title='bbox 1232 1637 1291 1670; x_wconf 90' lang='lat' dir='ltr'>lib.</span> <span class='ocrx_word' id='word_1_130' title='bbox 1312 1644 1336 1669; x_wconf 91' lang='lat'>1.</span> 
     </span>
     <span class='ocr_line' id='line_1_21' title="bbox 409 1692 1371 1727; baseline -0.001 0"><span class='ocrx_word' id='word_1_131' title='bbox 409 1692 463 1727; x_wconf 89' lang='lat' dir='ltr'>De</span> <span class='ocrx_word' id='word_1_132' title='bbox 480 1692 640 1727; x_wconf 81' lang='lat' dir='ltr'>veritate</span> <span class='ocrx_word' id='word_1_133' title='bbox 658 1692 834 1726; x_wconf 85' lang='lat' dir='ltr'>Ecclesiae</span> <span class='ocrx_word' id='word_1_134' title='bbox 1232 1693 1291 1726; x_wconf 90' lang='lat' dir='ltr'>lib.</span> <span class='ocrx_word' id='word_1_135' title='bbox 1313 1701 1371 1726; x_wconf 88' lang='lat'>111.</span> 
     </span>
     <span class='ocr_line' id='line_1_22' title="bbox 411 1748 1343 1793; baseline 0 -11"><span class='ocrx_word' id='word_1_136' title='bbox 411 1749 464 1782; x_wconf 93' lang='lat' dir='ltr'>De</span> <span class='ocrx_word' id='word_1_137' title='bbox 484 1749 625 1783; x_wconf 86' lang='lat' dir='ltr'>Patriae</span> <span class='ocrx_word' id='word_1_138' title='bbox 643 1760 725 1782; x_wconf 89' lang='lat' dir='ltr'>suae</span> <span class='ocrx_word' id='word_1_139' title='bbox 743 1748 857 1789; x_wconf 88' lang='lat' dir='ltr'>Statu,</span> <span class='ocrx_word' id='word_1_140' title='bbox 876 1749 1078 1793; x_wconf 89' lang='lat' dir='ltr'>Hispanice,</span> <span class='ocrx_word' id='word_1_141' title='bbox 1236 1749 1295 1783; x_wconf 92' lang='lat' dir='ltr'>lib.</span> <span class='ocrx_word' id='word_1_142' title='bbox 1318 1758 1343 1783; x_wconf 94' lang='lat'>1.</span> 
     </span>
    </p>
   </div>
   <div class='ocr_carea' id='block_1_7' title="bbox 268 1804 1632 1962">
    <p class='ocr_par' dir='ltr' id='par_1_7' title="bbox 268 1804 1632 1962">
     <span class='ocr_line' id='line_1_23' title="bbox 314 1804 1631 1850; baseline -0.002 -10"><span class='ocrx_word' id='word_1_143' title='bbox 314 1806 414 1840; x_wconf 86' lang='lat' dir='ltr'>Vivit</span> <span class='ocrx_word' id='word_1_144' title='bbox 431 1805 543 1838; x_wconf 89' lang='lat' dir='ltr'>adhuc</span> <span class='ocrx_word' id='word_1_145' title='bbox 561 1805 596 1837; x_wconf 90' lang='lat' dir='ltr'>in</span> <span class='ocrx_word' id='word_1_146' title='bbox 616 1804 750 1844; x_wconf 91' lang='lat' dir='ltr'>Galliis,</span> <span class='ocrx_word' id='word_1_147' title='bbox 778 1809 812 1838; x_wconf 90' lang='lat' dir='ltr'>et</span> <span class='ocrx_word' id='word_1_148' title='bbox 835 1805 1006 1850; x_wconf 83' lang='lat' dir='ltr'>religiosis</span> <span class='ocrx_word' id='word_1_149' title='bbox 1030 1806 1122 1840; x_wconf 91' lang='lat' dir='ltr'>votis</span> <span class='ocrx_word' id='word_1_150' title='bbox 1145 1806 1278 1849; x_wconf 85' lang='lat' dir='ltr'>patriae</span> <span class='ocrx_word' id='word_1_151' title='bbox 1302 1817 1384 1839; x_wconf 85' lang='lat' dir='ltr'>suae</span> <span class='ocrx_word' id='word_1_152' title='bbox 1407 1805 1631 1839; x_wconf 82' lang='lat' dir='ltr'>defectionem</span> 
     </span>
     <span class='ocr_line' id='line_1_24' title="bbox 268 1861 1632 1905; baseline -0.001 -10"><span class='ocrx_word' id='word_1_153' title='bbox 268 1873 288 1895; x_wconf 91' lang='lat' dir='ltr'>a</span> <span class='ocrx_word' id='word_1_154' title='bbox 305 1861 370 1895; x_wconf 90' lang='lat' dir='ltr'>fide</span> <span class='ocrx_word' id='word_1_155' title='bbox 388 1862 556 1905; x_wconf 88' lang='lat' dir='ltr'>deplorat,</span> <span class='ocrx_word' id='word_1_156' title='bbox 577 1865 611 1894; x_wconf 92' lang='lat' dir='ltr'>et</span> <span class='ocrx_word' id='word_1_157' title='bbox 629 1861 767 1904; x_wconf 88' lang='lat' dir='ltr'>scriptis</span> <span class='ocrx_word' id='word_1_158' title='bbox 785 1861 953 1905; x_wconf 88' lang='lat' dir='ltr'>castigat;</span> <span class='ocrx_word' id='word_1_159' title='bbox 981 1861 1085 1894; x_wconf 84' lang='lat' dir='ltr'>audio</span> <span class='ocrx_word' id='word_1_160' title='bbox 1102 1862 1229 1894; x_wconf 87' lang='lat' dir='ltr'>carceri</span> <span class='ocrx_word' id='word_1_161' title='bbox 1248 1861 1291 1894; x_wconf 92' lang='lat' dir='ltr'>ab</span> <span class='ocrx_word' id='word_1_162' title='bbox 1308 1861 1490 1895; x_wconf 86' lang='lat' dir='ltr'>haereticis</span> <span class='ocrx_word' id='word_1_163' title='bbox 1505 1861 1632 1894; x_wconf 88' lang='lat' dir='ltr'>manci-</span> 
     </span>
     <span class='ocr_line' id='line_1_25' title="bbox 270 1917 1319 1962; baseline -0.001 -11"><span class='ocrx_word' id='word_1_164' title='bbox 270 1923 401 1961; x_wconf 87' lang='lat' dir='ltr'>patum,</span> <span class='ocrx_word' id='word_1_165' title='bbox 420 1922 455 1951; x_wconf 89' lang='lat' dir='ltr'>et</span> <span class='ocrx_word' id='word_1_166' title='bbox 472 1921 671 1951; x_wconf 87' lang='lat' dir='ltr'>constanter</span> <span class='ocrx_word' id='word_1_167' title='bbox 688 1928 800 1962; x_wconf 85' lang='lat' dir='ltr'>agere.</span> <span class='ocrx_word' id='word_1_168' title='bbox 853 1917 989 1950; x_wconf 89' lang='lat' dir='ltr'>Rumor</span> <span class='ocrx_word' id='word_1_169' title='bbox 1005 1928 1098 1950; x_wconf 89' lang='lat' dir='ltr'>nunc</span> <span class='ocrx_word' id='word_1_170' title='bbox 1115 1921 1167 1950; x_wconf 84' lang='lat' dir='ltr'>est</span> <span class='ocrx_word' id='word_1_171' title='bbox 1184 1917 1319 1950; x_wconf 89' lang='lat' dir='ltr'>obiisse.</span> 
     </span>
    </p>
   </div>
   <div class='ocr_carea' id='block_1_8' title="bbox 538 2084 1361 2120">
    <p class='ocr_par' dir='ltr' id='par_1_8' title="bbox 538 2084 1361 2120">
     <span class='ocr_line' id='line_1_26' title="bbox 538 2084 1361 2120; baseline 0.002 -3"><span class='ocrx_word' id='word_1_172' title='bbox 538 2084 856 2118; x_wconf 87' lang='lat' dir='ltr'><strong>ALEXANDER</strong></span> <span class='ocrx_word' id='word_1_173' title='bbox 881 2085 952 2119; x_wconf 94' lang='lat' dir='ltr'>AN</span> <span class='ocrx_word' id='word_1_174' title='bbox 954 2084 1154 2120; x_wconf 86' lang='lat' dir='ltr'>DERSON</span> <span class='ocrx_word' id='word_1_175' title='bbox 1158 2085 1229 2119; x_wconf 88' lang='lat' dir='ltr'>US.</span> <span class='ocrx_word' id='word_1_176' title='bbox 1282 2088 1300 2119; x_wconf 97' lang='lat'>1</span> <span class='ocrx_word' id='word_1_177' title='bbox 1307 2085 1361 2119; x_wconf 87' lang='lat'>16.</span> 
     </span>
    </p>
   </div>
   <div class='ocr_carea' id='block_1_9' title="bbox 271 2196 1634 2412">
    <p class='ocr_par' dir='ltr' id='par_1_9' title="bbox 271 2196 1634 2412">
     <span class='ocr_line' id='line_1_27' title="bbox 271 2196 1633 2232; baseline 0.001 -4"><span class='ocrx_word' id='word_1_178' title='bbox 271 2196 536 2229; x_wconf 75' lang='lat' dir='ltr'>ALEXANDER</span> <span class='ocrx_word' id='word_1_179' title='bbox 569 2196 797 2231; x_wconf 85' lang='lat' dir='ltr'>Andersonus</span> <span class='ocrx_word' id='word_1_180' title='bbox 832 2196 1092 2232; x_wconf 88' lang='lat' dir='ltr'>Aberdonensis</span> <span class='ocrx_word' id='word_1_181' title='bbox 1132 2198 1288 2232; x_wconf 86' lang='lat' dir='ltr'>liberalia</span> <span class='ocrx_word' id='word_1_182' title='bbox 1330 2199 1475 2232; x_wconf 88' lang='lat' dir='ltr'>Parisiis</span> <span class='ocrx_word' id='word_1_183' title='bbox 1519 2199 1633 2232; x_wconf 76' lang='lat' dir='ltr'>studia</span> 
     </span>
     <span class='ocr_line' id='line_1_28' title="bbox 272 2251 1632 2294; baseline -0.001 -8"><span class='ocrx_word' id='word_1_184' title='bbox 272 2253 422 2286; x_wconf 84' lang='lat' dir='ltr'>excoluit</span> <span class='ocrx_word' id='word_1_185' title='bbox 447 2251 684 2285; x_wconf 85' lang='lat' dir='ltr'>munificentia</span> <span class='ocrx_word' id='word_1_186' title='bbox 709 2261 770 2285; x_wconf 86' lang='lat' dir='ltr'>eL.</span> <span class='ocrx_word' id='word_1_187' title='bbox 790 2261 826 2285; x_wconf 81' lang='lat' dir='ltr'>v.</span> <span class='ocrx_word' id='word_1_188' title='bbox 849 2253 991 2287; x_wconf 88' lang='lat' dir='ltr'>Domini</span> <span class='ocrx_word' id='word_1_189' title='bbox 1014 2254 1192 2294; x_wconf 76' lang='lat' dir='ltr'>Beauheu,</span> <span class='ocrx_word' id='word_1_190' title='bbox 1219 2260 1331 2289; x_wconf 89' lang='lat' dir='ltr'>status</span> <span class='ocrx_word' id='word_1_191' title='bbox 1358 2255 1482 2288; x_wconf 87' lang='lat' dir='ltr'>Gallici</span> <span class='ocrx_word' id='word_1_192' title='bbox 1509 2260 1547 2287; x_wconf 90' lang='lat' dir='ltr'>ut</span> <span class='ocrx_word' id='word_1_193' title='bbox 1574 2264 1632 2286; x_wconf 90' lang='lat' dir='ltr'>vo-</span> 
     </span>
     <span class='ocr_line' id='line_1_29' title="bbox 272 2308 1634 2354; baseline 0.001 -13"><span class='ocrx_word' id='word_1_194' title='bbox 272 2313 351 2342; x_wconf 91' lang='lat' dir='ltr'>cant</span> <span class='ocrx_word' id='word_1_195' title='bbox 394 2308 580 2347; x_wconf 84' lang='lat' dir='ltr'>secretarii,</span> <span class='ocrx_word' id='word_1_196' title='bbox 623 2308 722 2352; x_wconf 83' lang='lat' dir='ltr'>cujus</span> <span class='ocrx_word' id='word_1_197' title='bbox 766 2311 963 2343; x_wconf 87' lang='lat' dir='ltr'>testamenti</span> <span class='ocrx_word' id='word_1_198' title='bbox 1005 2311 1132 2344; x_wconf 88' lang='lat' dir='ltr'>tabulis</span> <span class='ocrx_word' id='word_1_199' title='bbox 1166 2312 1270 2344; x_wconf 85' lang='lat' dir='ltr'>etiam</span> <span class='ocrx_word' id='word_1_200' title='bbox 1309 2312 1500 2345; x_wconf 86' lang='lat' dir='ltr'>honoratus</span> <span class='ocrx_word' id='word_1_201' title='bbox 1542 2311 1634 2354; x_wconf 87' lang='lat' dir='ltr'>lega-</span> 
     </span>
     <span class='ocr_line' id='line_1_30' title="bbox 272 2365 1634 2412; baseline 0 -14"><span class='ocrx_word' id='word_1_202' title='bbox 272 2371 307 2398; x_wconf 86' lang='lat' dir='ltr'>ta</span> <span class='ocrx_word' id='word_1_203' title='bbox 333 2365 510 2409; x_wconf 79' lang='lat' dir='ltr'>percepit3</span> <span class='ocrx_word' id='word_1_204' title='bbox 542 2365 596 2400; x_wconf 87' lang='lat' dir='ltr'>vir</span> <span class='ocrx_word' id='word_1_205' title='bbox 626 2365 756 2398; x_wconf 86' lang='lat' dir='ltr'>vivacis</span> <span class='ocrx_word' id='word_1_206' title='bbox 788 2365 931 2410; x_wconf 87' lang='lat' dir='ltr'>ingenii,</span> <span class='ocrx_word' id='word_1_207' title='bbox 963 2377 1001 2399; x_wconf 85' lang='lat' dir='ltr'>ac</span> <span class='ocrx_word' id='word_1_208' title='bbox 1030 2377 1166 2400; x_wconf 78' lang='lat' dir='ltr'>summa</span> <span class='ocrx_word' id='word_1_209' title='bbox 1196 2368 1388 2412; x_wconf 86' lang='lat' dir='ltr'>diligentia,</span> <span class='ocrx_word' id='word_1_210' title='bbox 1419 2367 1473 2399; x_wconf 87' lang='lat' dir='ltr'>cui</span> <span class='ocrx_word' id='word_1_211' title='bbox 1505 2366 1634 2399; x_wconf 83' lang='lat' dir='ltr'>mathe-</span> 
     </span>
    </p>
   </div>
  </div>
 </body>
</html>
