1861 2682
594 247 766 280 GENTIS
790 247 1060 285 SCOTORUM,
1085 246 1172 278 LIB.
1198 246 1260 277 111.
1547 246 1607 278 179

253 341 288 372 in
308 339 433 379 Scotia,
452 345 490 373 ut
509 351 551 373 ex
570 340 729 374 Historia
746 339 937 373 Alexandri
957 340 1049 373 Milli
1067 340 1149 373 alibi
1172 339 1259 372 fuse.
1283 336 1462 372 Antonius
1481 336 1607 370 Senen—

252 398 299 428 sis
317 396 508 430 Lusitanus
526 396 686 429 Chronic.
705 397 790 429 Ord.
810 396 965 429 Praedic.
984 406 1063 440 pag.
1084 403 1210 428 LXVII.

591 507 872 541 LUDOVICUS
897 507 1144 541 CERLEON.
1197 509 1277 543 309.

251 618 482 652 Lunovoens
497 619 652 659 Cerleon,
668 622 747 654 exul
762 621 796 654 in
811 620 952 665 Anina,
966 620 1142 663 praeclara
1158 619 1290 664 ingenii
1308 619 1364 652 sui
1381 626 1608 652 monumenta

250 675 412 717 reliquit3
432 686 493 708 nec
510 677 610 718 plura
624 677 665 708 de
680 688 719 709 eo
733 676 952 720 deprehendi,
969 676 1036 708 nisi
1054 676 1091 708 in
1108 676 1259 719 patriam
1273 679 1474 709 revocatum
1489 675 1608 708 statim

251 731 445 764 excessisse.
498 731 587 776 Ejus
607 736 709 764 sunt:

394 786 552 821 Eduardi
570 787 679 832 Angli
698 787 875 831 Tyrannis
1172 788 1231 822 lib.
1252 797 1276 821 1.
1295 788 1473 821 Sconanus
1491 788 1608 821 codex.

394 842 633 886 Epistolarum
651 843 696 876 D.
717 844 817 876 Pauli
837 844 1051 887 Explanatio
1176 845 1236 877 lib.
1258 853 1282 877 Ι.

395 898 639 942 Philosophiae
657 899 909 942 Compendium
1174 900 1233 933 lib.
1254 909 1278 933 1.
1296 911 1386 944 quae
1402 901 1528 934 ultima
1541 900 1610 933 duo

440 965 543 998 opera
561 955 717 988 Basileae
735 956 950 997 prodierunt.

298 1009 447 1043 Vivebat
464 1021 555 1044 anno
574 1019 798 1044 nscccnxlx.

720 1123 1001 1157 COGITOSUS.
1055 1126 1134 1157 310.

248 1231 481 1268 COGITOSUS.
497 1233 712 1266 nobilissima
729 1234 831 1267 domo
849 1239 957 1274 ortus,
976 1236 1010 1268 S.
1032 1235 1199 1280 Brigidae
1217 1236 1424 1270 Ladinensis
1442 1247 1559 1280 nepos,
1578 1241 1613 1271 et

247 1288 357 1320 eidem
376 1289 539 1331 aequalis,
558 1294 597 1322 ut
616 1289 688 1331 ipse
706 1290 742 1322 in
761 1289 828 1322 fine
845 1292 958 1333 operis
981 1292 1035 1324 sui
1061 1292 1187 1324 innuit.
1239 1292 1282 1325 V.
1302 1294 1383 1325 clar.
1405 1293 1612 1326 Theodorus

248 1344 428 1377 Marcilius
455 1345 664 1378 monasticae
690 1345 913 1388 professionis
938 1357 1017 1379 eum
1041 1347 1149 1380 fuisse
1174 1348 1399 1387 existimavit,
1431 1349 1491 1382 sed
1516 1350 1612 1382 nulla

246 1400 416 1442 probabili
442 1401 587 1434 ratione.
649 1400 814 1446 Ignotum
841 1406 916 1435 erat
941 1403 1034 1445 apud
1064 1402 1183 1436 Scotos
1209 1404 1315 1448 hujus
1341 1415 1478 1443 nomen,
1505 1405 1613 1438 donec

249 1455 422 1488 Henricus
441 1455 602 1489 Canisius
621 1469 639 1490 e
657 1458 808 1490 tenebris
832 1459 1036 1492 memoriam
1060 1460 1159 1503 quasi
1185 1459 1373 1504 fugitivam
1397 1461 1554 1500 retraxit,
1580 1465 1614 1493 et

246 1511 420 1554 publicato
438 1523 540 1555 opere
558 1513 750 1545 recidivatu
769 1514 921 1546 donavit.
960 1514 1071 1559 Cujus
1088 1515 1340 1558 praefationem
1358 1517 1448 1549 vide.
1490 1516 1615 1549 Memi-

245 1567 299 1599 nit
316 1566 448 1600 Anton.
470 1568 650 1600 Possevin.
670 1568 841 1611 Apparat.
861 1569 956 1603 Sacri
974 1570 1136 1614 Append.
1158 1580 1199 1604 11.
1218 1582 1297 1616 pag.
1317 1581 1432 1605 XXIV.
1468 1573 1614 1616 Scripsit

390 1622 444 1655 De
464 1623 549 1656 Vita
567 1624 601 1656 S.
622 1624 788 1669 Brigidae
1170 1627 1228 1660 lib.
1251 1637 1275 1660 1.

392 1678 442 1712 Et
467 1680 534 1712 alia
565 1680 602 1712 in
630 1681 836 1714 bibliotheca
866 1681 1038 1715 Bavarica
1064 1683 1139 1727 ejus
1165 1688 1392 1717 monumenta
1417 1687 1612 1718 conservari

445 1736 561 1769 audio.
1307 1742 1312 1746 '

297 1790 397 1823 Vixit
428 1802 498 1824 non
530 1803 620 1824 anno
648 1801 805 1826 MXXIII.
832 1797 871 1826 ut
898 1794 973 1826 viro
999 1794 1153 1837 alioquin
1178 1795 1278 1828 docto
1305 1796 1430 1835 visum,
1454 1797 1513 1829 sed
1537 1807 1613 1829 cum

248 1847 323 1889 ipsa
341 1846 375 1879 S.
395 1846 560 1891 Brigitta‚
586 1859 670 1881 aevo
689 1849 817 1881 scilicet
836 1848 859 1880 J
861 1850 968 1882 ustini
987 1850 1136 1882 Minoris
1155 1851 1245 1883 circa
1268 1862 1399 1884 annum
1422 1861 1490 1885 DX.
1517 1852 1614 1886 Sitne

246 1912 353 1944 nepos
374 1913 415 1935 ex
434 1914 534 1936 carne
553 1915 596 1936 an
615 1904 764 1943 nomine,
783 1915 886 1947 penes
905 1906 989 1938 alios
1007 1906 1053 1938 sit
1070 1907 1238 1949 quaestio.

655 2015 689 2048 S.
718 2015 1068 2050 CHRISTIANUS.
1121 2019 1165 2050 31
1173 2021 1189 2051 1
1197 2043 1204 2051 .

245 2124 279 2156 S.
316 2123 600 2164 CHRISTIANUS‚
640 2128 841 2160 monasterii
880 2128 1062 2162 Scotorum
1098 2130 1142 2162 D.
1179 2129 1300 2164 Jacobi
1344 2132 1491 2177 Majoris
1534 2134 1613 2166 sub-

247 2179 347 2212 urbio
384 2179 649 2223 Herbipolitano
684 2183 939 2224 coenobiarcha,
973 2186 1132 2227 precibus
1167 2187 1210 2220 ab
1248 2187 1483 2222 Embrichone
1525 2190 1612 2222 Her-

247 2236 414 2278 bipolensi
457 2237 615 2279 episcopo
662 2237 824 2276 obtinuit,
872 2244 912 2272 ut
954 2242 1158 2275 coenobium
1207 2243 1293 2276 illud
1336 2245 1372 2276 in
1418 2246 1615 2289 peregrino-

245 2301 321 2323 rum
357 2292 505 2335 gratiam
541 2292 743 2336 erigeretur,
777 2298 817 2326 ut
857 2301 1001 2328 narrant
1043 2298 1162 2330 literae
1201 2297 1416 2332 fundationis
1458 2300 1612 2344 ejusdem
