1861 2682
605 272 776 304 GENTIS
800 271 1072 307 SCOTORUM,
1098 271 1185 302 LIB.
1214 272 1257 302 11.

304 367 445 399 Cultum
463 366 504 398 de
522 365 639 398 eodem
657 369 709 398 est
728 363 908 408 Heuningi
925 363 1118 396 Cunradini
1135 373 1293 396 carmen:

550 435 676 463 Tantum
691 434 783 462 Scotia
797 433 914 471 protulit
928 438 1048 471 poetam,

548 480 686 515 Quamvis
699 480 736 508 sit
749 480 801 508 sub
815 479 953 517 iniquiore
967 479 1050 513 coelo,

549 528 697 561 Quantum
712 536 766 554 non
780 526 854 563 capit
868 526 928 563 ipsa
941 530 1001 552 tota
1014 534 1106 562 regno.

549 573 604 600 Vix
621 572 700 600 Graii
714 577 743 600 et
759 572 834 600 Latii
848 571 938 599 tulere
951 575 1073 603 tantum,

548 619 686 653 Quamvis
699 618 756 646 sint
770 618 822 646 sub
835 617 990 646 amoeniore
1004 616 1088 648 coelo,

549 665 696 698 Quantum
712 665 804 692 Scotia
818 663 936 702 protulit
950 668 1069 700 poetam.

301 745 497 787 Stephanus
515 745 630 778 senior
642 754 650 777 z

549 814 621 842 Ecce
636 814 787 842 Caledonia
800 814 892 848 Maro,
909 814 992 846 Naso,
1007 818 1036 842 et
1051 813 1168 841 Flaccus
1182 813 1212 840 in
1227 822 1282 844 ora,

585 861 638 888 Pro
650 861 721 889 Jove
735 870 810 888 nunc
824 860 935 888 discunt
948 869 1027 897 posse
1041 868 1137 887 sonare
1151 859 1258 887 Jovam.

304 934 399 966 Idem
419 933 485 966 alio
504 933 775 978 epigrammate:

546 1002 664 1030 Davidis
678 1002 723 1030 hic
737 1011 844 1039 corpuS,
858 1000 908 1029 sed
922 1005 1027 1028 tectum
1043 1005 1120 1028 veste
1135 1000 1246 1031 Latina,

584 1048 665 1082 Quae
679 1048 754 1085 picta
768 1053 810 1076 est
826 1046 928 1079 Flacci,
943 1046 1018 1084 picta
1033 1046 1157 1074 Maronis
1171 1055 1231 1074 acu.

302 1130 431 1162 Paulus
451 1129 613 1162 Melissus
633 1129 808 1162 Francus:

543 1198 677 1226 Diversos
691 1198 774 1226 multi
789 1198 864 1226 varie
877 1197 998 1226 elicuere
1013 1206 1132 1229 sonores,

581 1243 716 1281 Aptando
730 1243 830 1271 Latiae
843 1243 950 1280 plectra
965 1243 1074 1281 Syrissa
1087 1243 1172 1281 lyrae.

545 1289 678 1317 Barbiton
691 1289 737 1316 hic
751 1289 930 1325 citharaeque
944 1288 1022 1321 fides,
1036 1289 1138 1326 chelyn
1152 1289 1278 1327 increpat
1294 1290 1374 1322 alter,

583 1334 622 1362 Et
636 1344 703 1362 suus
718 1343 753 1362 ex
767 1334 868 1362 merito
882 1343 1022 1371 quemque
1036 1339 1150 1362 secutus
1164 1335 1256 1363 honos.

544 1379 638 1414 Quod,
654 1379 833 1411 Buchanane,
848 1379 933 1413 canis,
948 1379 1138 1407 modulamina
1151 1385 1261 1408 caetera
1275 1381 1372 1413 vincit,

580 1426 640 1454 Ceu
654 1425 775 1463 reliquas
790 1425 913 1463 liquidae
928 1424 1034 1453 Daulia
1047 1425 1121 1453 vocis
1134 1435 1207 1453 aves.

545 1472 584 1500 Et
598 1472 745 1509 quisquam
759 1471 871 1499 dubitet
884 1471 975 1508 plenis
988 1470 1097 1499 edicere
1112 1471 1214 1504 buccis,

582 1518 661 1546 Haec
674 1522 788 1555 superat
802 1522 917 1545 cunctas
930 1516 1048 1545 buccina
1061 1517 1134 1545 clara
1148 1518 1249 1547 tubas?

1557 272 1615 300 1113

296 1608 368 1641 Nec
392 1608 508 1641 minus
533 1606 663 1640 celebre
686 1605 880 1639 encomium
903 1605 946 1638 de
969 1616 1008 1639 eo
1031 1610 1084 1639 est
1106 1606 1199 1649 apud
1223 1606 1438 1649 Stephanum
1463 1607 1609 1640 Pascha-

252 1666 340 1697 sium
361 1665 396 1697 in
416 1662 587 1701 Iconibus,
606 1662 642 1694 in
661 1661 801 1695 Delitiis
818 1661 1006 1694 Poetarum
1024 1660 1203 1695 Gallorum
1223 1667 1305 1696 tom.
1328 1672 1367 1695 11.

542 1731 679 1769 Virgiliis,
695 1731 811 1763 Flaccis,
827 1730 995 1763 Nasonibus,
1011 1736 1095 1768 atque
1110 1731 1240 1765 Catullis,

582 1777 674 1805 Hisne
688 1786 739 1814 ego
752 1777 804 1804 sim
818 1776 906 1804 tantis
919 1777 1029 1804 vatibus
1043 1776 1180 1805 inferior?

544 1825 576 1851 In
590 1833 693 1861 genere
706 1823 858 1860 unicuique
872 1832 922 1850 suo
935 1822 1054 1850 concedo
1064 1833 1073 1856 ς
1094 1823 1143 1850 sed
1156 1823 1185 1851 in
1200 1833 1245 1851 me

579 1869 687 1906 Collige
701 1874 802 1897 cuncta
815 1868 908 1901 simul,
922 1868 986 1906 plus
1000 1877 1051 1905 ego
1064 1870 1212 1905 promerui.

299 1960 392 1991 Idem
413 1959 479 1991 alio
498 1958 767 2003 epigrammate:

543 2026 555 2054 Ι
559 2036 576 2054 n
591 2032 619 2055 te
634 2037 690 2055 uno
702 2026 777 2064 quod
791 2026 848 2055 sint
862 2026 955 2060 multi,
971 2027 1150 2062 Buchanane,
1167 2029 1304 2060 Marones.

579 2073 623 2100 Ac
636 2072 766 2101 dederint
779 2072 865 2101 talem
879 2073 973 2101 secula
986 2074 1064 2102 nulla
1078 2075 1179 2107 virum,

546 2118 608 2145 Hoc
621 2118 656 2146 de
670 2124 698 2146 te
712 2118 802 2156 primo
815 2118 922 2146 coelum
935 2119 1090 2156 spondebat
1103 2120 1137 2148 ab
1151 2125 1223 2152 ortu,

582 2164 701 2192 Nomine
715 2164 823 2201 subque
837 2169 886 2192 tuo
899 2173 1000 2193 nomen
1014 2170 1043 2194 et
1056 2175 1137 2194 omen
1151 2172 1220 2195 erat.

544 2209 616 2237 Nam
630 2218 728 2237 canere
743 2214 786 2237 est
800 2214 914 2242 vatum;
935 2216 1032 2238 vatum
1045 2212 1123 2245 tuba,
1138 2212 1264 2245 buccina,
1280 2213 1373 2241 bucca,

581 2254 619 2282 Et
633 2255 709 2283 canis
722 2254 802 2283 annis
816 2254 982 2284 nobilitatur
995 2266 1072 2294 opus*

898 2310 923 2337 Q
