1861 2682
470 325 672 359 SIMONIS
697 323 955 359 RODERISII
983 324 1215 358 HARLENI
1242 325 1444 359 BATAVI.

560 420 839 446 PHILOSOPHIAE
858 420 906 446 ET
925 419 1136 444 MEDICINAE
1155 419 1353 445 DOCTORIS.

446 557 519 587 Non
536 556 634 586 minus
650 562 779 596 augusto
794 555 882 596 genio
898 566 986 596 quam
1003 555 1123 585 nomine
1139 565 1276 597 magnus,

446 607 568 637 Pelleus
580 607 714 647 juvenis,
731 618 799 637 cum
815 606 1018 647 bellipotentis
1035 605 1163 636 Achillis

444 657 602 698 Aspiceret
618 657 740 693 cineres,
757 664 853 687 totum
871 668 902 687 se
917 657 996 687 fudit
1012 667 1127 687 ama-ras

446 709 484 738 In
500 707 678 748 lachrymas,
695 708 754 738 imo
770 708 882 738 ducens
897 707 950 737 has
967 714 1086 748 pectore
1101 718 1188 738 voces
1200 720 1208 736 :

445 758 532 788 Felix
549 758 679 795 Pelides,
696 765 815 788 aeterno
831 758 961 788 carmine
976 768 1104 798 magnus

440 809 540 845 Quem
557 809 647 845 canit,
664 808 824 849 Aoniaque
839 809 913 838 tuba
929 808 1010 838 coelo
1025 815 1134 848 aequat
1150 808 1303 840 Homerus
1316 823 1322 838 :

442 860 502 889 Ast
517 869 583 900 ego,
600 859 692 889 totius
708 859 814 889 mundi
829 859 1016 899 domitorque
1032 866 1212 900 tremorque,

441 909 600 940 Destituor
614 909 705 949 digno
721 909 845 939 laudum
861 919 1007 949 praecone
1022 919 1155 939 mearum
1168 922 1176 939 z

440 960 490 990 Sic
505 970 571 990 mea
587 970 655 990 cum
671 959 732 989 vita
749 959 871 1000 Stygias
885 959 1025 1000 migrabit
1041 960 1078 990 ad
1094 960 1201 995 undas,

442 1011 537 1040 Fama
551 1011 634 1040 brevi
649 1020 818 1051 nomenque
834 1020 933 1040 meum
950 1021 1020 1040 mox
1035 1010 1151 1041 excidet
1169 1021 1252 1047 aevo,

442 1060 487 1091 Ut
503 1060 555 1101 qui
571 1060 727 1090 consenuit
742 1060 846 1100 patriis
862 1060 1007 1101 inglorius
1023 1060 1109 1090 arvis.

440 1111 490 1140 Sic
507 1110 625 1147 moriar,
641 1110 849 1151 reliquumque
864 1111 939 1140 nihil
954 1117 1022 1151 post
1037 1111 1126 1140 busta
1142 1111 1249 1141 tenebo
1259 1113 1272 1139 ἓ

441 1161 475 1190 N
478 1161 654 1201 equicquam
670 1171 809 1200 magnus,
826 1161 868 1190 nil
884 1161 1046 1190 debellasse
1064 1167 1108 1190 tot
1124 1161 1224 1197 urbes,

441 1211 497 1240 Nil
513 1211 592 1240 orbis
607 1210 684 1240 vasti
700 1210 828 1250 populos
843 1211 993 1240 fraenasse
1004 1211 1135 1250 juvabit.

438 1260 559 1291 Scilicet
574 1260 657 1291 haud
672 1260 769 1290 minor
785 1266 829 1290 est
844 1261 940 1290 virtus
956 1261 1091 1300 quaesita
1106 1261 1184 1291 tueri

442 1311 589 1347 Nomina,
605 1311 765 1351 praeclaris
781 1321 871 1351 quam
887 1311 997 1340 famam
1011 1321 1154 1351 quaerere
1169 1311 1263 1341 factis.

441 1363 536 1399 Quas,
554 1362 744 1402 Dempstere,
760 1361 853 1401 igitur
870 1361 923 1391 tibi
940 1361 1053 1391 Martia
1069 1361 1169 1391 Scotia
1184 1368 1293 1401 grates,

440 1413 525 1449 Quas
541 1413 669 1443 referent
684 1412 808 1442 heroum
825 1412 951 1448 animae,
968 1422 1095 1452 quorum
1112 1411 1225 1452 inclyta
1240 1419 1333 1453 gesta.

440 1464 542 1494 Foeda
558 1470 636 1493 tecta
652 1463 722 1500 situ,
739 1462 899 1504 densisque
915 1462 1033 1502 sepulta
1049 1462 1190 1498 tenebris,

441 1513 533 1543 Eruis
549 1513 579 1543 in
595 1513 703 1550 lucem,
720 1513 884 1554 meritaque
899 1514 937 1543 ad
953 1513 1048 1543 sidera
1063 1512 1152 1542 laude

438 1563 564 1601 Evehis,
581 1564 780 1604 historiaeque
796 1564 869 1594 tuba
886 1575 976 1605 super
991 1562 1111 1594 aethera
1127 1563 1206 1594 tollis
1219 1566 1231 1592 ζ’

742 1750 832 1775 VIRO
851 1750 1160 1779 INCOMPARABILL

657 1815 786 1844 AMICO,
807 1815 885 1840 HEU
905 1815 1112 1843 QUONDAM!
1133 1815 1244 1840 RARO.

893 1874 944 1907 M.
972 1875 1006 1907 S.

587 1953 826 1984 JOANNES
859 1953 1095 1984 RHODIUS
1127 1954 1311 1984 DANUS.

438 2072 526 2106 Aras,
543 2081 633 2107 arma,
649 2071 740 2107 focos,
757 2071 848 2112 leges,
866 2071 1018 2112 sociosque
1033 2072 1198 2108 Quiritum,

480 2120 598 2150 Invidia
613 2121 745 2150 inscitiae
761 2121 842 2151 nube
857 2122 978 2162 tegebat
993 2122 1065 2152 avis.

437 2170 528 2200 Alma
543 2170 678 2207 Themis,
695 2171 807 2210 priscae
823 2171 922 2212 stirpis
938 2183 1061 2209 memor,
1078 2183 1133 2203 axe
1148 2172 1252 2203 Triun.

480 2221 660 2260 Dempstero
675 2221 822 2251 calamum
838 2222 1041 2263 vindiciasque
1056 2223 1146 2253 dedit.

440 2271 496 2301 Ille
512 2271 601 2300 deum
618 2278 707 2311 atque
723 2271 804 2300 urbis
825 2272 912 2302 Latio
929 2283 1063 2303 sermone
1077 2273 1204 2304 nitorem

479 2321 626 2351 Restituit
642 2321 737 2357 vobis,
754 2320 953 2362 historiaeque
969 2323 1067 2354 fidem.

932 2373 973 2417 f
