1861 2682
565 270 735 302 GENTIS
760 268 1030 304 SCOTORUM,
1054 267 1140 300 LIB.
1163 268 1224 298 ΙΙΙ.
1506 268 1567 297 155

587 419 620 451 S.
651 417 1046 450 CONSTANTINUS.
1100 419 1182 450 258.

203 533 237 564 S.
257 532 570 565 CONSTANTINUS
590 530 785 574 Anglorum
805 528 1009 562 Guallorum
1027 539 1098 567 rex,
1125 533 1212 561 teste
1238 527 1346 565 Beda,
1374 527 1486 559 victus
1513 526 1568 559 fu-

202 593 373 631 gatusque
392 588 434 621 ab
452 587 620 623 hostibus,
640 586 754 618 liberis
772 596 810 618 ac
828 586 974 629 conjuge
992 585 1134 618 orbatus
1152 585 1189 616 in
1218 583 1427 616 Hiberniam
1447 581 1566 625 profu-

202 644 265 687 git,
286 644 345 677 ubi
364 643 566 686 aliquandiu
584 643 619 674 in
638 642 785 684 pistrino
803 652 1004 684 pauperum,
1023 652 1139 674 amore
1157 640 1290 673 Christi
1307 639 1482 676 incitatus,
1511 638 1568 669 de-

203 700 348 733 servivit
367 699 575 743 incognitxm,
594 703 669 730 tum
688 697 894 730 monachum
912 698 1055 730 indutus
1073 698 1110 729 in
1129 697 1279 729 Scotiam
1297 695 1484 732 descendit,
1504 694 1567 726 im-

204 760 406 798 petrataque
430 766 450 787 a
471 755 535 787 loci
559 754 716 787 antistite
742 753 963 786 concionandi
990 753 1166 791 facultate,
1193 752 1379 795 impiorum
1406 750 1566 782 manibus

203 822 325 854 passus
344 815 395 844 est
413 811 633 853 martyrium,
652 815 686 842 et
704 820 766 852 pro
785 813 903 842 saneto
920 810 1079 853 religiose
1099 810 1224 847 cultus,
1251 808 1307 840 cui
1333 807 1465 850 aliquot
1491 810 1568 848 post

203 868 317 900 secula
333 868 441 899 relato
459 867 495 899 in
513 867 673 898 divorum
691 876 886 903 numerum,
906 866 1035 908 templa
1048 865 1149 897 multi
1164 864 1257 897 Scoti
1271 867 1466 900 erexerunt,
1481 873 1569 905 quae

204 924 308 955 etiam
327 927 439 956 aetate
459 922 505 954 H.
525 921 664 954 Boethii
688 920 996 963 conspiciebantur,
1022 925 1062 953 ut
1087 921 1160 962 ipse
1185 921 1235 953 ait
1260 919 1319 952 lib.
1350 928 1404 951 IX.
1433 917 1568 950 Histor.

204 978 339 1011 Scotiae
368 989 446 1022 pag.
477 987 611 1010 CLXVI.
664 976 798 1009 Eadem
824 975 1099 1020 Anglicanarum
1126 987 1242 1008 rerum
1269 979 1569 1011 commentatores,

207 1036 287 1067 lieet
304 1036 401 1067 nulla
419 1033 669 1077 martyrologia
686 1036 888 1070 memorent,
915 1042 994 1064 cum
1018 1036 1135 1065 tamen
1153 1032 1389 1076 diligentiores
1408 1029 1571 1062 nostrati-

205 1091 280 1128 bttS,
299 1096 359 1124 aut
377 1095 468 1123 certe
486 1090 653 1122 feliciores
671 1099 806 1131 semper
824 1088 965 1120 fuerint.
1016 1087 1182 1120 Servatus
1201 1092 1317 1120 autem
1339 1086 1569 1119 Constantino

210 1147 246 1178 in
264 1145 450 1184 Gareotha,
469 1150 509 1178 ut
527 1145 640 1183 audio,
659 1144 780 1182 honor,
799 1149 833 1177 et
851 1144 888 1176 in
907 1143 1056 1176 Gourea.
1108 1144 1255 1186 Scripsit

348 1201 594 1233 Meditationes
1077 1199 1135 1232 lib.
1157 1207 1181 1231 1.

348 1255 407 1289 Ad
426 1256 568 1288 Fratres
588 1255 762 1288 Homilias
1078 1255 1137 1288 lib.
1159 1264 1183 1287 Ι.

349 1311 402 1344 De
421 1312 546 1356 Regno
564 1312 692 1344 amisso
1078 1311 1138 1344 lib.
1160 1320 1184 1343 Ι.

351 1368 404 1401 De
424 1368 590 1400 Hostium
610 1378 753 1400 suorum
772 1367 987 1400 Crudelitate
1005 1366 1183 1410 Epistolas
1201 1367 1244 1399 ad
1256 1366 1475 1403 Conuallum‚
1492 1372 1572 1400 ante

398 1424 674 1457 monachismum
692 1428 732 1456 ut
750 1424 922 1462 existimo,
1083 1423 1141 1456 lib.
1162 1432 1187 1456 1.

352 1481 562 1514 Psalterium
1079 1479 1138 1512 lib.
1159 1489 1183 1512 Ι.

257 1536 408 1570 Vivebat
426 1547 516 1569 anno
535 1544 740 1568 DLXXVIII.
766 1536 830 1568 sub
854 1535 1022 1568 Conuallo
1045 1535 1201 1580 Eugenii
1220 1536 1287 1569 III.
1312 1535 1431 1575 fratre,
1457 1536 1573 1568 Scoto-

209 1605 288 1626 rum
319 1603 424 1637 rege3
462 1592 601 1624 sedebat
635 1592 766 1624 Romae
795 1592 1004 1625 Benedictus
1034 1592 1061 1624 Ι.
1102 1592 1293 1635 imperabat
1328 1592 1491 1625 Tiberius
1525 1592 1571 1624 ΙΙ.

208 1650 424 1682 Francorum
462 1659 523 1680 rex
562 1652 636 1681 erat
675 1647 901 1690 Chilpericus.
973 1648 1126 1691 Operum
1168 1650 1280 1692 apices
1321 1660 1363 1681 ex
1404 1648 1572 1692 Catalogo

207 1705 364 1739 Sconano
382 1704 499 1737 habui.

603 1816 638 1849 S.
665 1816 1047 1850 CONVALLANUS.
1099 1820 1178 1854 259.

211 1930 245 1962 S.
273 1929 588 1968 CONVALLANU&
617 1930 867 1962 monachorum
894 1930 954 1972 qui
982 1930 1018 1962 in
1050 1929 1159 1962 Mona
1189 1929 1314 1967 insula,
1346 1940 1468 1973 regum
1495 1929 1573 1962 Sco-

210 1992 325 2019 torum
353 1988 542 2029 sepultura,
573 1987 628 2029 pie
663 1986 804 2019 Christo
838 1986 1048 2024 militabant,
1083 1986 1199 2024 abbas,
1237 1991 1256 2003 ‘⁶
1286 1986 1360 2019 vita
1393 1986 1571 2028 probatus,

213 2043 360 2086 insignis
378 2043 564 2081 doctrina,'’
583 2043 632 2074 ait
658 2042 827 2075 Boethius
854 2042 912 2074 lib.
935 2051 990 2074 IX.
1020 2042 1115 2075 Hist.
1135 2042 1226 2075 Scot.
1245 2053 1323 2086 pag.
1343 2051 1452 2075 CLIX.
1479 2053 1573 2075 sanc-

210 2104 325 2130 torum
353 2098 430 2130 albo
455 2098 636 2141 ascriptus,
667 2098 784 2130 Uvion
810 2099 883 2131 loco
910 2099 1066 2141 proxime
1097 2099 1238 2132 laudato
1269 2110 1311 2131 ex
1341 2099 1397 2132 Jo.
1430 2099 1572 2132 Leslaeo

210 2154 268 2186 lib.
298 2162 349 2186 IV.
378 2153 496 2197 Hujus
522 2164 627 2186 suasu
654 2155 764 2186 clerus
790 2154 944 2187 Scoticus
973 2155 1241 2197 supplicationes
1272 2155 1316 2188 ob
1348 2156 1478 2188 cladem
1509 2156 1572 2187 im—

210 2210 398 2242 minentem
441 2210 610 2248 solennes
647 2221 667 2242 a
701 2209 745 2241 D.
782 2209 954 2243 Mamerto
997 2211 1155 2253 episcopo
1197 2211 1387 2244 Viennensi
1431 2211 1571 2243 institu-

211 2271 274 2304 tas,
306 2265 426 2298 lubens
455 2266 593 2308 recepit,
624 2276 748 2308 easque
778 2270 897 2308 postea
926 2267 1132 2300 universalis
1168 2268 1309 2300 ecclesia
1344 2273 1424 2299 ante
1458 2277 1573 2299 ascen-
