1861 2682
243 283 304 312 132
612 283 840 315 HISTORIA
865 284 1229 317 ECCLESIASTICA

242 374 312 407 filio
345 375 483 408 Pendae
513 376 604 420 regis
638 375 862 414 Merciorum,
893 375 994 408 fidem
1023 380 1057 408 et
1083 381 1299 410 sacramenta
1326 377 1458 410 Christi
1487 389 1602 421 perce-

240 436 377 473 perunt,
402 431 478 474 ipso
500 431 654 474 principe
678 432 829 474 primum
854 442 874 463 a
899 431 1058 463 Finnano
1080 432 1241 474 episcopo
1263 432 1354 474 apud
1379 431 1536 465 Oswium
1564 435 1600 466 in

242 487 508 526 Northumbria,
541 498 619 520 cum
647 487 807 520 omnibus
837 487 896 530 qui
928 497 1043 519 secum
1074 491 1252 526 venerant,
1288 487 1476 530 baptizato,
1506 493 1600 530 post-

241 543 383 575 modum
410 553 491 575 vero
517 554 557 576 eo
582 543 722 576 domum
750 554 899 581 reverso,
928 543 1069 575 caeteris
1095 543 1137 574 de
1162 553 1226 575 sua
1249 548 1351 587 gente
1376 543 1561 586 baptizatis
1580 555 1600 576 a

239 598 452 642 presbyteris
475 603 626 642 quatuor
652 599 778 637 Cedda,
805 598 918 637 Adda,
945 598 1060 636 Bana,
1087 603 1121 631 et
1146 597 1274 637 Duina,
1304 610 1391 642 quos
1417 610 1532 632 secum
1558 600 1599 632 de

237 654 393 696 praefata
431 655 624 687 adduxerat
659 655 869 698 provincia.''
937 653 1005 686 Hic
1034 654 1126 687 idem
1163 654 1384 688 orientalium
1420 655 1596 688 Saxonum

237 711 424 753 apostolus,
462 721 577 754 regem
624 710 843 754 Sigebertum
884 710 1145 743 commendante
1182 722 1263 754 rege
1303 710 1459 750 Oswino,
1498 722 1597 754 prae-

236 767 363 798 claram
393 766 429 798 in
460 777 500 798 ea
532 770 636 809 gente
670 765 803 798 Christi
838 765 902 798 fide
932 766 1119 798 imbuenda
1152 777 1292 809 operam
1321 768 1476 800 navavit.
1536 766 1597 799 Di-

235 827 310 855 ctus
351 822 550 854 Florentius
589 821 842 865 Vigorniensis,
877 821 956 855 licet
997 821 1131 855 Scotico
1173 822 1305 855 nomini
1341 822 1596 855 infensissimus

235 878 355 916 hostis,
374 877 611 910 testimonium
635 877 717 910 facit
735 889 812 922 pag.
832 886 927 910 DLX.
955 880 976 895 “
995 876 1073 914 Quo
1092 875 1285 920 (Sigeberto
1303 878 1397 921 rege)
1424 877 1521 921 regni
1541 877 1595 909 sui

234 935 348 967 sedem
366 938 553 976 repetente,
573 945 633 966 rex
652 934 817 966 Oswinus
836 934 931 966 misit
949 943 1025 965 cum
1045 933 1104 964 illo
1118 933 1233 964 virum
1247 932 1313 965 Dei
1332 932 1484 965 Ceddam
1502 943 1595 975 pres-

234 990 395 1033 byterum
414 990 457 1022 ad
476 990 745 1032 praedicandum
764 989 908 1021 verbum
935 988 1001 1021 Dei
1025 987 1322 1026 East-Saxonicis,
1348 988 1408 1021 ubi
1435 999 1512 1021 cum
1539 988 1597 1020 ille

233 1047 380 1079 multam
400 1045 552 1078 Domino
571 1046 747 1078 ecclesiam
774 1049 1027 1089 congregasset,
1051 1048 1086 1077 et
1109 1049 1251 1087 propter
1276 1044 1485 1086 colloquium
1510 1044 1595 1076 Fin-

232 1103 314 1134 nani
336 1102 485 1144 episcopi
505 1102 644 1134 domum
664 1112 824 1133 reversus
836 1105 935 1139 esset,
949 1101 1097 1145 gradum
1112 1101 1328 1142 episcopatus
1343 1100 1386 1133 ab
1400 1112 1439 1133 eo
1453 1101 1594 1143 accepit,

233 1163 266 1190 et
290 1158 326 1189 in
343 1158 557 1200 provinciam
581 1168 739 1190 reversus
758 1157 882 1201 majori
901 1157 1107 1190 auctoritate
1125 1160 1284 1198 coeptum
1304 1167 1390 1199 opus
1408 1157 1591 1199 explevit.”

232 1213 383 1246 Videant
401 1213 509 1257 Angli
528 1218 698 1256 quantum
718 1213 829 1245 Scotis
846 1213 1003 1250 debeant,
1030 1213 1073 1245 ad
1099 1212 1200 1244 fidem
1226 1212 1269 1244 ab
1295 1212 1337 1243 iis
1363 1212 1529 1250 conversi,
1556 1213 1592 1244 in

230 1270 401 1313 gremium
433 1274 571 1302 sanctae
594 1270 753 1302 ecclesiae
779 1269 966 1301 eorundem
990 1267 1183 1300 ministerio
1206 1268 1343 1309 recepti.
1396 1267 1480 1300 Fuit
1507 1279 1590 1312 ergo

230 1325 524 1364 Ernst-Saxonum,
555 1326 628 1358 sive
654 1325 875 1357 orientalium
904 1323 1113 1367 Anglorum,
1139 1323 1273 1365 primus
1300 1323 1505 1366 episcopus;
1532 1325 1590 1356 sed

230 1386 263 1413 et
298 1392 360 1424 per
399 1381 590 1413 absentiam
632 1380 789 1412 Wilfridi
825 1379 1054 1412 Eboracensis
1096 1378 1373 1421 archiepiscopus
1415 1390 1590 1412 consecra-

230 1442 286 1469 tus
304 1442 378 1476 est3
406 1442 481 1470 tum
500 1437 559 1469 illo
578 1437 752 1473 redeunte,
770 1440 892 1478 sponte
910 1435 1030 1467 cedens
1050 1435 1092 1472 ei,
1116 1434 1152 1466 in
1171 1434 1454 1478 Leastingaigam
1473 1445 1590 1468 mona-

231 1494 386 1531 sterium,
418 1505 439 1525 a
468 1504 503 1525 se
531 1496 768 1525 constructum
794 1491 999 1523 liberalitate
1027 1489 1196 1534 Sigeberti
1226 1490 1329 1533 regis,
1360 1491 1587 1523 monasticam

230 1549 336 1580 vitam
374 1549 534 1590 deinceps
570 1547 788 1590 professurus
826 1547 974 1584 secessit,
1013 1547 1116 1588 idque
1151 1544 1325 1577 Theodori
1360 1544 1587 1580 cantuarien-

228 1605 273 1636 sis
303 1604 549 1646 archiepiscopi
580 1607 715 1647 rogatu,
746 1613 857 1644 neque
887 1601 978 1633 enim
1008 1600 1075 1632 nisi
1106 1610 1186 1643 rege
1218 1598 1368 1643 ngrido
1394 1599 1587 1633 Northum-

225 1660 321 1692 briae
356 1660 390 1691 id
420 1664 626 1701 procurante
657 1659 771 1691 sedem
803 1657 1054 1690 Eboracensem
1086 1660 1324 1698 occupaverat.
1387 1655 1503 1693 Quare
1532 1668 1586 1689 ar-

225 1715 461 1757 chiepiscopus
481 1714 759 1746 Lindisfarorum
778 1713 906 1745 dicitur
927 1724 948 1744 a
965 1711 1162 1744 Trithemio
1188 1711 1246 1744 lib.
1273 1720 1330 1743 ΙΙΙ.
1355 1712 1396 1744 de
1425 1711 1520 1745 Viris
1547 1714 1585 1745 il-

224 1771 360 1803 lustrib.
381 1770 465 1802 Ord.
486 1770 603 1802 Sancti
622 1769 813 1802 Benedicti.
838 1767 1004 1812 Elogium
1030 1768 1061 1800 ei
1087 1766 1307 1811 magnificum
1334 1768 1494 1812 appingit
1519 1768 1586 1801 Be·

225 1827 278 1865 da,
307 1827 388 1859 dum
421 1830 520 1858 vocat
539 1830 559 1844 ‘⁵
578 1826 692 1857 virum
722 1830 891 1862 sanctum,
919 1824 1112 1856 modestum
1139 1822 1303 1861 moribus,
1332 1824 1583 1866 scripturarum

224 1883 369 1915 lectione
388 1881 596 1915 sufficienter
614 1881 798 1919 imbutum,
818 1885 851 1913 et
870 1891 909 1912 ea
926 1890 1013 1923 quae
1031 1879 1164 1923 agenda
1187 1878 1222 1910 in
1247 1879 1428 1921 scripturis
1455 1880 1581 1914 didice-

223 1944 288 1976 rat,
307 1938 467 1981 operibus
490 1938 634 1970 solerter
652 1936 909 1980 exequentem.'’
959 1934 1056 1966 Beda
1074 1933 1132 1966 lib,
1150 1942 1208 1965 ΙΙΙ.
1223 1933 1423 1967 Ecclesiast.
1445 1934 1579 1969 Histor.

225 2005 298 2036 cap.
319 2002 415 2026 xxv,

271 2050 414 2081 Praeter
431 2050 493 2081 has
511 2049 630 2081 laudes
657 2048 798 2081 accessit
823 2047 1056 2080 memorabilis
1082 2047 1191 2089 ipsius
1217 2047 1327 2089 pietas
1345 2048 1381 2080 in
1399 2047 1578 2082 fundando

224 2105 386 2137 coenobio
417 2104 604 2137 Eadbarna
633 2105 669 2136 in
699 2114 801 2136 usum
836 2103 1144 2148 peregrinantium,
1180 2103 1278 2147 cujus
1310 2103 1402 2136 fama
1433 2104 1578 2137 celebra-

222 2160 357 2193 tissima
395 2161 432 2192 in
465 2159 567 2192 rebus
597 2159 747 2203 Angliae
781 2159 1028 2191 ecclesiasticis.
1092 2159 1185 2192 Tum
1213 2159 1352 2192 demum
1382 2159 1576 2193 Vulfherus

224 2216 374 2248 Merciae
399 2226 470 2253 rex,
502 2214 713 2247 Iarumanno
738 2215 896 2257 episcopo
921 2214 1154 2247 Lichfeldensi
1180 2215 1353 2255 defuncto,
1381 2217 1473 2248 hunc
1498 2228 1576 2249 nos-

223 2278 316 2304 trum
349 2271 501 2303 Ceddam
532 2271 723 2309 substituit,
762 2271 822 2313 qui
852 2271 888 2303 in
918 2272 1151 2304 controversia
1177 2272 1235 2304 illa
1261 2273 1371 2316 gravi,
1398 2277 1437 2304 ut
1463 2283 1502 2304 ea
1527 2272 1575 2304 fe-

223 2327 344 2360 rebant
356 2332 522 2370 tempora,
536 2326 577 2358 de
592 2327 818 2359 celebratione
830 2325 1019 2365 Paschatis,
1034 2327 1207 2372 egregiam
1223 2327 1400 2360 Romanae
1415 2327 1573 2359 ecclesiae

225 2383 368 2416 navavit
386 2393 534 2426 operam.
587 2382 636 2415 Et
654 2382 791 2426 scripsit
