1861 2682
267 256 330 302 5224ςν
641 255 866 287 HISTORIA
890 255 1252 287 ECCLESIASTICA

269 358 364 386 neus,
400 348 583 390 praecipua
618 347 821 379 eruditionis
857 357 896 378 ac
932 346 1072 388 pietatis
1111 346 1206 379 fama
1242 347 1279 379 in
1314 346 1429 380 Scotia
1464 346 1617 388 florebat,

269 404 350 435 dum
379 403 497 435 divino
527 406 707 445 praecepto
734 402 888 434 monitus
911 401 946 433 S.
970 401 1127 445 Regulus
1150 400 1313 441 Albatus,
1340 402 1451 445 patris
1478 404 1620 437 civitate

269 459 447 491 brachium
471 457 505 490 S.
528 457 689 490 Andreae
711 468 789 490 cum
812 457 1036 490 sacrosanctis
1058 457 1212 500 ejusdem
1236 458 1382 500 apostoli
1405 459 1560 502 reliquiis
1583 460 1618 492 in

268 514 494 553 Otholiniam,
513 514 691 547 Pictorum
708 518 791 546 tunc
808 513 953 556 imperio
970 512 1171 556 subjectam,
1191 513 1340 546 devexit.
1385 513 1517 548 Hector
1533 515 1620 548 Boe-

268 571 362 603 thius
389 571 446 604 lib.
466 579 518 602 VI.
547 570 641 603 Hist.
666 570 757 603 Scot.
779 580 858 613 pag.
878 576 938 601 cv.
989 567 1111 601 Scotus
1137 579 1182 601 an
1207 567 1360 602 Graecus
1385 569 1501 609 fuerit,
1526 571 1619 604 haud

268 626 366 659 facile
384 627 552 665 dixerim3
581 631 615 658 et
632 637 676 658 an
693 636 764 657 una
781 635 858 657 cum
878 624 1013 669 Regulo
1030 635 1073 657 ex
1089 623 1224 657 Achaia
1245 625 1282 657 in
1300 624 1449 658 Scotiam
1473 627 1617 665 venerit,

268 693 311 715 an
330 693 411 715 vero
428 683 501 725 ipse
519 686 593 714 tum
612 682 704 723 apud
722 692 802 713 suos
821 681 857 713 in
874 680 985 723 pretio
1003 685 1102 719 esset,
1121 691 1190 713 non
1208 680 1344 714 definio.
1395 680 1539 725 Scripsit

411 738 463 770 De
482 737 723 780 Reliquiarum
741 737 776 770 S.
794 736 956 769 Andreae
972 736 1008 768 in
1025 736 1247 769 Britanniam
1264 736 1479 771 Advectione
1515 738 1573 770 lib.
1595 748 1618 770 1.

313 794 475 826 Florebat
493 804 583 826 anno
601 801 809 826 cecxxxn.

636 903 863 937 JOANNES
887 902 1115 936 DUMBAR.
1167 905 1246 936 411.

266 1017 453 1050 JOANNES
483 1016 642 1050 Dumbar
671 1017 848 1059 praeclara
874 1015 1006 1059 ingenii
1037 1013 1130 1047 fama
1159 1014 1404 1058 philosophicis
1433 1015 1620 1048 medicinae

267 1074 382 1106 studia
408 1073 599 1118 conjunxit,
630 1072 822 1105 Patavinus
852 1072 972 1104 doctor
1004 1071 1134 1115 insigni
1162 1071 1294 1114 patriae
1319 1071 1441 1114 suique
1470 1071 1618 1104 nominis

268 1134 470 1162 ornamento
489 1129 720 1162 renunciatus.
770 1128 915 1170 Scripsit

407 1185 573 1218 Poemata
591 1186 687 1217 varia
1132 1183 1191 1216 lib.
1212 1192 1235 1215 1.

405 1241 550 1284 Aliquid
569 1241 605 1273 in
624 1240 797 1273 Medicina
1129 1239 1188 1272 lib.
1209 1247 1233 1270 1.

313 1298 370 1330 Ad
389 1297 508 1331 Scotos
527 1308 606 1330 suos
624 1297 810 1340 digressus,
828 1295 974 1328 feliciter
991 1295 1146 1328 clinicem
1165 1299 1308 1327 exercet.

787 1406 956 1440 DAVID.
1009 1408 1090 1439 412.

266 1523 412 1560 DAVID,
430 1521 608 1564 episcopus
626 1520 742 1552 Sancti
761 1518 932 1557 Andreae,
952 1518 1113 1551 interfuit
1130 1518 1273 1550 concilio
1290 1517 1528 1562 Lugdunensi,
1554 1519 1617 1551 sub

266 1578 467 1611 Innocentio
490 1577 552 1610 IV.
584 1576 763 1613 celebrato,
793 1580 827 1607 et
851 1585 929 1607 cum
958 1583 1022 1606 XL.
1049 1574 1125 1606 aliis
1150 1574 1312 1616 praelatis
1339 1574 1551 1617 subscripsit,
1577 1579 1616 1607 ut

268 1646 310 1668 ex
336 1634 444 1667 literis
471 1637 615 1669 constat,
648 1636 682 1664 et
712 1630 969 1664 confirmatione
996 1630 1150 1673 ejusdem
1180 1629 1313 1662 concilii
1342 1630 1435 1663 edita
1462 1640 1572 1673 nuper
1597 1641 1617 1662 a

266 1691 395 1724 Jacobo
426 1689 620 1734 Bongarsio
652 1689 742 1720 inter
773 1686 878 1720 Gesta
915 1687 978 1719 Dei
1012 1697 1074 1729 per
1107 1685 1269 1723 Francos,
1303 1685 1430 1729 pagina
1465 1694 1614 1718 MCXCV.

262 1747 407 1789 Scripsit

407 1801 461 1834 De
479 1800 623 1834 Concilii
642 1799 887 1843 Lugdunensis
906 1798 1126 1831 Auctoritate
1270 1796 1329 1829 lib.
1351 1806 1375 1829 Ι.

308 1858 407 1891 Vixit
425 1868 515 1890 anno
535 1865 762 1889 MCCLXXXI.

575 1966 820 2000 FINLACUS
846 1964 1174 1998 DIKENSONUS.
1225 1966 1304 1997 413.

267 2083 471 2114 FINLACUS
491 2080 724 2116 Dikensonus,
746 2078 952 2109 Parisiensis
979 2077 1170 2109 academiae
1191 2076 1373 2119 professor,
1399 2081 1438 2108 ut
1464 2086 1506 2108 ex
1532 2077 1615 2108 actis

267 2138 420 2181 ejusdem
440 2137 481 2168 ad
501 2135 583 2167 Divi
603 2133 718 2166 Cosmi
737 2137 842 2175 patet.
893 2132 1037 2175 Scripsit

410 2191 647 2224 Historiarum
668 2189 943 2221 memorabilium
963 2188 1134 2232 Synopsin
1285 2187 1343 2219 lib.
1364 2196 1387 2218 Ι.
1415 2198 1501 2229 quae
1520 2186 1615 2218 Basi-

453 2249 524 2280 leae
541 2246 680 2290 prodiit.

310 2306 445 2339 Floruit
465 2315 554 2337 anno
574 2311 691 2336 MDIX.
