1861 2682
571 266 742 298 GENTIS
767 262 1038 299 SCOTORUM‚
1063 263 1149 295 LIB.
1175 264 1237 294 III.
1525 262 1586 294 149

277 359 414 392 Colitur
432 360 486 391 (lie
506 367 560 391 IX.
579 358 688 391 Junii.
707 358 805 391 Obiit
822 369 913 391 anno
928 365 1044 390 DCCX.
1064 356 1307 390 Calendarium
1323 353 1452 387 Adami
1468 354 1581 399 Regii,

229 420 263 448 et
280 415 561 448 Scotichronicon
578 415 736 447 meminit
762 425 831 447 non
857 425 926 447 uno
948 415 1032 447 loco.
1084 413 1203 445 Abbas
1229 412 1296 444 fuit
1320 411 1407 455 regii
1435 411 1472 443 in
1490 410 1585 442 Maia

229 472 342 504 insula
369 471 521 509 claustri,
551 482 611 504 seu
639 471 743 513 prior,
771 471 1019 513 transtulitque
1044 469 1079 502 S.
1106 468 1258 501 Colmoci
1285 467 1449 510 reliquias
1473 467 1528 499 die
1547 474 1582 498 V.

233 527 333 561 Febr.
353 538 444 559 anno
462 527 611 565 laudato,
629 532 669 560 ut
687 527 723 559 iu
741 527 825 560 actis
843 526 918 559 loci.

663 640 697 672 S.
725 638 1028 672 CONGALLUS.
1080 641 1159 671 248.

228 752 262 784 S.
282 752 528 785 CONGALLUS
546 753 634 785 alius
660 764 680 785 a
706 752 856 790 laudato,
883 756 1005 790 aetate,
1032 751 1151 791 officio,
1177 756 1211 784 et
1237 751 1399 794 scriptis3
1427 761 1507 783 nam
1526 760 1583 792 po-

228 809 406 841 steriorem
431 811 534 852 paulo
552 810 668 842 minus
692 809 860 842 sexcentis
887 809 986 841 annis
1012 807 1207 850 praecessit,
1232 812 1266 840 et
1293 817 1371 839 cum
1396 807 1453 839 ille
1479 805 1585 838 fuerit

227 864 342 903 abbas,
373 865 428 897 hic
459 865 669 898 Culdeorum
700 866 878 908 episcopus
909 864 1146 896 sanctissimus
1178 863 1328 901 sedebat,
1360 863 1443 895 dum
1470 861 1585 894 Ertha

227 921 270 953 ab
288 921 402 953 insula
420 921 513 954 Buta
532 932 608 954 cum
628 921 662 953 S.
682 921 794 953 Blano
816 920 886 953 filio
909 921 945 952 in
972 920 1172 952 ulteriorem
1198 919 1349 951 Scotiam
1375 919 1519 961 appulit,
1546 922 1586 950 ut

228 987 270 1009 ex
299 976 392 1009 Hist.
417 977 590 1010 Ecclesiae
614 977 884 1010 Dumblanensis
908 980 942 1008 et
966 976 1039 1007 vita
1062 974 1097 1007 S.
1117 974 1220 1007 Blani
1245 986 1287 1007 ex
1314 974 1464 1018 Georgio
1492 973 1586 1006 Neu-

227 1038 309 1065 tono
335 1033 575 1066 archidiacono
600 1034 719 1076 liquet,
738 1032 772 1065 S.
792 1032 969 1065 Kennethi
987 1032 1128 1075 collega.
1176 1030 1266 1063 Vide
1284 1042 1391 1074 supra
1408 1030 1466 1063 lib.
1488 1039 1529 1062 11.
1549 1031 1584 1062 in

227 1088 261 1120 S.
282 1088 404 1121 Blano.
456 1089 601 1132 Scripsit

371 1144 561 1177 Conciones
579 1145 623 1177 ad
641 1144 760 1177 Scotos
778 1149 812 1178 et
830 1144 945 1178 Pictos
1241 1143 1299 1175 lib.
1320 1152 1344 1175 1.

373 1200 607 1232 Homiliarum
625 1212 711 1243 opus
1240 1199 1299 1232 lib.
1320 1209 1343 1231 1.

371 1255 502 1288 Contra
519 1256 688 1288 Arrianos
1059 1256 1062 1259 ’
1240 1256 1299 1288 lib.
1320 1264 1344 1287 1.

275 1311 437 1345 Florebat
456 1322 546 1344 anno
564 1320 776 1344 CCCCXLVI.
819 1311 956 1344 Colitur
974 1312 1030 1345 die
1049 1321 1123 1344 XII.
1143 1312 1241 1345 Maii.
1286 1311 1430 1356 Regius.

670 1424 704 1457 S.
732 1424 1010 1457 COLUMBUS.
1063 1425 1142 1461 249.

227 1539 262 1571 S.
294 1538 513 1571 COLUMBUS
544 1537 599 1569 vel
629 1536 819 1570 Columba:
849 1536 1143 1581 Martyrologium
1171 1536 1371 1569 Romanum
1401 1545 1455 1569 IX.
1488 1536 1586 1570 Junii

227 1595 368 1627 Scotum
400 1593 493 1631 facit,
524 1593 677 1625 incolatu
709 1593 859 1631 scilicet;
890 1604 1010 1625 revera
1038 1593 1074 1624 in
1104 1593 1227 1625 insulis
1258 1591 1410 1624 Scotiam
1444 1593 1488 1625 ab
1523 1592 1584 1625 Hi-

226 1650 347 1683 bernia
374 1649 631 1682 secernentibus
658 1654 771 1687 natus,
802 1653 892 1681 recte
917 1649 1065 1681 habetur
1092 1648 1291 1681 Hibernus:
1320 1657 1454 1681 XXXII.
1487 1650 1587 1682 annis

226 1706 263 1738 in
294 1705 410 1739 Scotia
440 1710 608 1743 versatus,
640 1705 831 1737 multorum
863 1705 1111 1737 monachorum
1136 1708 1244 1746 pater,
1279 1709 1311 1738 et
1343 1715 1465 1748 regum
1491 1716 1587 1738 sanc-

226 1763 381 1795 tissimus
408 1762 594 1799 educator3
626 1761 667 1792 de
694 1771 774 1803 quo,
801 1761 861 1803 qui
889 1762 990 1803 plura
1015 1761 1123 1803 cupis,
1154 1761 1209 1792 adi
1238 1762 1377 1793 annales
1404 1766 1586 1800 nostrates,

227 1822 261 1850 et
286 1819 323 1850 in
355 1818 409 1850 his
443 1817 627 1850 Hectorem
655 1816 843 1849 Boethium
870 1817 928 1849 lib.
950 1825 1005 1848 IX.
1032 1817 1092 1849 ubi
1118 1816 1324 1849 Brudanum
1348 1816 1526 1849 Pictorum
1552 1823 1586 1851 et

228 1874 406 1906 Aidanum
426 1873 607 1906 Scotorum
627 1884 724 1916 reges
747 1872 988 1905 dissentientes
1014 1873 1223 1910 reconciliat,
1251 1878 1284 1904 et
1313 1872 1422 1904 eidem
1448 1873 1587 1906 Aidano

227 1930 399 1973 insignem
428 1930 609 1962 victoriam
637 1928 795 1972 precibus
823 1929 998 1971 impetrat,
1025 1929 1202 1971 multaque
1230 1928 1289 1970 pia
1319 1929 1387 1961 alia
1417 1939 1520 1971 opera
1550 1930 1587 1962 in

227 1990 329 2029 gente
348 1986 406 2017 illa
423 1990 549 2028 patrat.

278 2041 446 2073 Nonnulli
465 2042 556 2073 hunc
574 2052 651 2073 cum
670 2041 895 2079 Columbano,
914 2046 954 2074 ut
972 2041 1136 2079 dicebam,
1155 2040 1394 2080 confundunt3
1414 2052 1493 2074 nam
1508 2042 1587 2075 licet

227 2103 364 2139 tempus
392 2097 549 2139 quadret,
577 2098 668 2129 unde
697 2108 847 2129 errorem
875 2102 991 2130 ortum
1017 2097 1188 2135 existimo,
1217 2102 1334 2130 tamen
1359 2102 1493 2130 caetera
1518 2099 1587 2130 dis—

228 2153 346 2196 paria3
374 2163 454 2184 nam
482 2153 538 2184 hic
566 2163 745 2195 nunquam
770 2158 869 2185 extra
896 2153 1103 2186 Hiberniam
1129 2158 1163 2186 et
1189 2153 1339 2186 Scotiam
1372 2164 1585 2197 progressus,

227 2210 285 2241 ille
303 2214 412 2241 totam
430 2219 516 2250 pene
534 2207 712 2250 Europam
733 2209 790 2250 pia
813 2210 1090 2252 peregrinatione
1114 2210 1295 2248 lustravit3
1327 2210 1383 2242 hic
1409 2210 1445 2242 iu
1472 2209 1587 2241 Scotia

227 2265 312 2297 obiit
333 2265 367 2296 iu
389 2263 496 2307 Huyo
514 2264 637 2302 insula,
664 2268 703 2296 ut
723 2263 838 2296 Bedae
856 2264 977 2306 placet,
996 2265 1053 2297 ille
1076 2265 1248 2297 Bobiense
1271 2265 1471 2298 coenobium
1495 2275 1585 2296 mor·

226 2327 260 2353 te
278 2331 340 2353 sua
358 2320 596 2353 cohonestavit
613 2330 620 2352 :
641 2319 788 2362 denique
802 2320 912 2351 multa
924 2320 980 2352 ille
998 2320 1157 2362 scripsit3
1178 2321 1221 2353 ab
1239 2321 1313 2358 hoc,
1332 2326 1468 2363 praeter
1487 2331 1583 2352 sanc-
