1861 2682
607 249 778 282 GENTIS
803 248 1073 288 SCOTORUM,
1100 249 1186 281 LIB.
1212 249 1255 281 11.
1572 251 1609 280 81

708 398 742 432 S.
770 397 1015 431 BLAANUS.
1068 399 1148 431 142.

251 456 284 488 S.
314 455 477 488 BLAANI
503 455 607 488 etiam
637 455 790 487 seculum
819 458 1018 487 sanctorum
1048 457 1083 486 et
1112 453 1294 486 doctorum
1324 452 1392 486 fuit
1422 452 1530 492 ferax,
1560 453 1608 486 sic

250 512 341 544 enim
358 510 404 543 H.
420 510 588 543 Boethius
602 509 660 543 lib.
676 518 732 542 XI.
748 509 841 542 Hist.
857 508 987 542 Scotor.
1003 519 1081 553 pag.
1098 517 1293 541 CCXXXIV.
1313 513 1334 527 “
1351 508 1522 553 Vigianus
1537 520 1607 543 mo-

250 567 390 605 nachus,
409 565 540 599 Christi
564 565 736 610 dogmatis
758 565 917 609 egregius
940 565 1170 603 concionator,
1194 564 1259 596 sub
1276 564 1312 596 id
1329 568 1465 607 tempus
1484 566 1609 600 claruit

249 633 327 654 cum
346 621 528 659 Moveano,
547 621 707 659 Medauo,
727 620 859 654 Blaano
876 619 1054 664 Englatio,
1079 620 1251 659 Colmoco,
1274 620 1501 653 sanctissimis
1524 632 1607 663 pon·

248 677 407 715 tificibus‚
433 676 557 709 Onano
583 677 736 715 diacono,
762 676 928 720 Congano
954 676 1086 714 abbate,
1112 676 1300 719 multisque
1326 675 1403 708 aliis
1425 676 1510 708 viris
1533 687 1605 709 mo-

248 732 344 765 ribus
361 737 396 765 et
412 732 568 765 doctrina
585 733 713 776 insigni
736 732 920 776 probatis.’'
970 730 1028 764 Ex
1053 731 1179 775 quibus
1204 732 1314 774 liquet
1339 737 1606 776 cognomentum

247 788 276 820 ei
308 787 474 832 Englatio
500 788 617 827 fuisse,
649 793 683 820 et
712 787 861 831 episcopi
890 798 969 820 eum
998 786 1220 820 honestatum
1247 788 1340 830 apud
1364 798 1445 821 suos
1475 787 1605 827 officio3

247 843 305 876 sed
323 843 382 876 ubi
401 843 564 882 civitatis,
582 854 651 876 non
669 843 889 886 deprehendi.
926 842 982 875 Ita
999 842 1084 875 viris
1102 843 1210 876 doctis
1229 844 1354 882 visum,
1373 848 1409 876 at
1426 854 1489 888 ego
1507 844 1607 886 plane

247 899 422 937 dissentio,
441 900 501 942 qui
519 900 623 932 sciam
642 898 808 932 Sanctum
826 898 1033 943 Englatium
1049 898 1155 931 alium
1175 899 1218 931 ab
1234 899 1293 932 illo
1312 898 1429 932 fuisse.
1461 899 1606 943 Scripsit

393 955 446 988 De
464 955 629 988 Ecclesiis
647 954 861 988 Britannicis
1165 955 1225 987 lib.
1245 964 1269 987 1.

390 1010 575 1044 Orationes
593 1011 634 1044 de
652 1010 787 1043 Sanctis
1168 1010 1226 1043 lib.
1248 1019 1272 1043 I.

390 1066 567 1109 Epistolas
585 1066 627 1099 ad
646 1067 799 1099 diversos
1167 1066 1224 1099 lib.
1247 1075 1270 1099 1.

300 1121 340 1155 In
359 1132 495 1154 summa
512 1122 717 1155 claritudine
734 1120 802 1154 fuit
819 1131 909 1154 anno
929 1129 1001 1154 mx.
1029 1120 1165 1154 Colitur
1187 1122 1242 1155 die
1261 1130 1298 1155 X.
1321 1121 1487 1167 Augusti.
1514 1123 1608 1158 Mar-

247 1178 349 1221 tyrol.
369 1176 513 1210 Subens.

666 1286 701 1320 S.
730 1286 1048 1321 BRENDANUS.
1104 1291 1183 1323 143.

244 1401 278 1433 S.
306 1400 569 1438 BRENDANUS,
595 1409 657 1432 seu
683 1398 902 1438 Brandanus,
930 1404 991 1432 aut
1016 1399 1211 1439 Bredanus,
1236 1407 1340 1446 gente
1365 1402 1499 1443 Scotus‚
1527 1405 1605 1438 licet

243 1457 384 1499 quidam
410 1465 589 1499 perperam
614 1454 810 1487 Hibernum
832 1454 972 1494 faciant,
995 1460 1029 1488 et
1050 1456 1087 1488 in
1111 1456 1165 1489 his
1190 1456 1368 1491 Antonius
1397 1458 1606 1494 Possevinus

243 1511 413 1554 Apparat.
440 1510 533 1543 Sacr.
560 1521 639 1554 pag.
666 1518 769 1543 ceLI.
824 1510 952 1543 Melius
983 1510 1173 1545 &Vei-uerus
1205 1511 1441 1547 Rolevinchus
1472 1515 1508 1548 in
1539 1516 1606 1549 Fa-

243 1567 370 1600 sciculo
388 1566 603 1609 Temporum
617 1575 624 1598 :
652 1570 672 1585 “
690 1565 896 1599 Brendanus
915 1567 952 1599 in
969 1566 1086 1600 Scotia
1100 1568 1216 1607 claret,
1231 1574 1370 1602 sanctus
1384 1576 1483 1613 pater
1499 1572 1606 1604 trium

243 1623 391 1655 millium
408 1621 689 1655 monachorum.”
739 1621 875 1654 Colitur
894 1623 947 1655 vel
971 1623 1026 1656 die
1050 1632 1137 1656 XIX.
1161 1623 1322 1658 Decemb.
1350 1625 1521 1660 Trithem.
1547 1628 1604 1661 lib.

245 1687 302 1711 111.
321 1679 362 1711 de
380 1677 456 1711 Vir.
475 1678 601 1710 illustr.
621 1677 655 1710 S.
675 1677 853 1710 Benedict.
872 1688 946 1720 cap.
966 1687 1082 1711 XXXI.
1108 1680 1163 1712 vel
1185 1680 1240 1712 die
1265 1689 1382 1714 xvm.
1406 1681 1430 1714 J
1433 1683 1516 1715 unii.
1544 1683 1607 1716 Pe-

241 1740 315 1767 trus
349 1734 385 1766 in
421 1733 587 1778 Catalogo
621 1734 679 1766 lib.
716 1741 752 1766 V.
796 1744 870 1775 cap.
907 1742 1033 1767 CXVII.
1100 1734 1306 1769 Vincentius
1348 1737 1604 1772 Bellovacensis

242 1791 277 1822 in
305 1789 452 1833 Speculo
482 1789 540 1822 lib.
574 1798 659 1822 XXI.
691 1800 764 1832 cap.
797 1797 942 1822 LXXXI.
1006 1790 1170 1823 Meminit
1198 1791 1349 1825 Jacobus
1378 1794 1420 1826 de
1449 1793 1606 1828 Vitriaco

242 1845 424 1878 cardinalis
460 1844 594 1878 Histor.
632 1844 865 1888 Hierosolym.
909 1856 982 1888 cap.
1027 1853 1205 1879 LXXXIII.
1273 1847 1362 1881 Vide
1404 1850 1528 1888 locum,
1570 1856 1604 1883 et

241 1911 314 1943 cap.
335 1909 540 1933 LXXXVIII.
583 1900 715 1933 Mirum
733 1900 838 1934 refert
856 1901 898 1933 de
916 1901 1038 1934 avibus
1056 1901 1100 1934 ab
1119 1912 1158 1934 eo
1177 1903 1272 1935 visis.
1313 1903 1482 1948 Sigebert.
1502 1905 1604 1939 Gem-

242 1956 387 1988 blacens.
414 1956 450 1988 in
476 1956 647 1989 Chronico
673 1957 716 1989 ad
742 1967 872 1989 annum
899 1964 1011 1989 DLXI.
1063 1961 1084 1975 “
1102 1956 1144 1990 In
1171 1957 1287 1992 Scotia
1312 1959 1519 1994 Brendanus
1537 1963 1603 1996 cla-

243 2012 324 2049 ruit,
350 2011 410 2053 qui
436 2011 647 2045 Fortunatas
674 2012 810 2045 Insulas
837 2013 1029 2055 septennali
1054 2013 1278 2057 navigatione
1301 2015 1491 2058 requirens,
1516 2018 1604 2051 mul-

243 2073 278 2100 ta
300 2067 467 2099 miraculo
491 2067 597 2111 digna
619 2068 729 2106 vidit3
757 2079 776 2117 a
799 2079 868 2111 quo
892 2068 1062 2107 Macutes‚
1086 2069 1146 2112 qui
1171 2074 1205 2102 et
1225 2069 1418 2111 Maclovus,
1436 2074 1604 2117 regulari-

243 2129 295 2156 ter
312 2123 488 2160 educatus,
506 2127 540 2155 et
557 2123 665 2165 ipsius
688 2124 921 2167 navigationis
945 2125 1069 2162 socius,
1093 2125 1129 2158 in
1154 2125 1339 2159 Britannia
1362 2129 1546 2162 sanctitate
1570 2135 1604 2163 et

242 2179 417 2212 miraculis
440 2178 586 2217 claruit;
611 2179 670 2221 qui
690 2189 710 2211 a
733 2178 913 2212 Britannis
937 2181 1172 2219 exacerbatus,
1195 2182 1243 2214 eis
1267 2184 1469 2223 maledictis,
1493 2189 1604 2218 trans-

242 2235 307 2267 ivit
332 2234 376 2267 ad
402 2233 542 2272 Gallias,
567 2238 600 2266 et
626 2234 690 2266 sub
717 2233 863 2267 Leontio
889 2234 1101 2269 Sanctonum
1128 2237 1287 2280 episcopo
1313 2240 1423 2272 multo
1449 2244 1603 2283 tempore

243 2289 431 2324 virtutibus
449 2290 604 2324 claruit.''
644 2289 723 2322 Huc
742 2299 852 2333 usque
870 2295 970 2324 vetus
987 2292 1114 2326 editio:
1141 2293 1236 2327 addit
1256 2305 1356 2333 nova,
1376 2300 1396 2314 ‘⁶
1414 2295 1602 2329 Britanno>

906 2353 938 2379 M
