1861 2682
233 291 275 321 ’78
605 289 830 322 HISTORIA
851 289 1213 322 ECCLESIASTICA

237 392 346 421 cursa,
373 380 532 415 ultimam
557 381 737 425 periodum
762 379 886 414 clausit
904 378 1106 419 Dumblani,
1128 380 1189 413 ubi
1210 378 1456 413 miraculorum
1479 380 1589 424 gloria

236 437 408 476 inclaruit,
433 437 640 470 messoribus
663 437 766 480 paulo
790 440 870 469 ante
892 440 1050 474 mortem,
1074 435 1200 478 quibus
1223 445 1285 468 nec
1301 434 1402 478 panis
1425 444 1487 467 nec
1510 445 1588 468 caro

235 496 319 531 erat,
337 492 495 535 precibus
511 492 584 526 suis
602 492 694 526 cibos
718 493 813 537 large
836 502 857 524 a
879 490 954 524 Deo
976 490 1188 534 impetravit.
1239 489 1293 523 De
1316 500 1386 534 quo
1409 488 1446 523 hi
1470 500 1589 524 versus

236 549 419 583 feruntur:

530 618 604 646 Ecce
616 618 679 656 pius
693 617 805 655 praesul
819 617 934 650 Blanus,
948 615 1067 654 suspiria
1080 616 1177 644 matris

532 664 658 696 Deflens,
671 669 715 691 ter
728 668 827 691 natum
840 662 914 699 regis
927 661 962 690 de
975 667 1064 690 morte
1077 662 1233 690 columbam

531 709 654 737 Suscitat
668 708 845 741 incolumem,
860 707 1090 745 baptizatumque
1103 708 1214 746 parenti

531 754 675 787 Reddidit,
689 760 719 782 et
733 754 861 791 sequitur
874 753 979 781 domiui
993 753 1111 791 vestigia
1125 753 1221 791 patris.

237 827 381 871 Scripsit
477 826 531 859 De
547 825 734 871 Evangelii
752 825 874 859 Gratia
1147 825 1207 859 lib.
1228 834 1253 859 1.

478 882 609 916 Versus
626 882 794 925 quosdam
810 892 925 914 sacros
1153 882 1212 923 lib.
1232 890 1256 915 1.

478 937 666 981 Praecepta
683 938 726 971 ad
744 937 1017 971 Catechumenos
1151 937 1211 970 lib.
1232 945 1257 971 1.

287 995 405 1028 Floret
422 1004 512 1028 anno
529 1001 739 1026 CCCCXLVI.
790 992 937 1031 Colitur,
957 992 1096 1036 templis
1113 993 1144 1025 ei
1162 993 1269 1026 variis
1287 993 1386 1038 regni
1403 993 1591 1037 provinciis

239 1052 369 1090 erectis,
387 1050 442 1083 die
460 1057 546 1083 xlx.
564 1048 586 1082 J
590 1049 662 1082 ulii.
714 1048 871 1081 Breviar.
891 1047 1013 1081 Scotic.
1064 1047 1176 1082 Extat
1193 1047 1354 1082 officium.

670 1160 704 1193 S.
731 1158 833 1192 BEY
859 1157 1024 1193 VIRGO.
1077 1160 1157 1195 137.

237 1275 271 1307 S.
303 1273 393 1307 BEY
423 1273 533 1318 virgo,
563 1272 627 1306 sub
655 1270 815 1305 Donaldo
844 1281 924 1315 rege
953 1269 1224 1304 sanctimonialis
1254 1268 1413 1303 habitum
1437 1280 1458 1303 a
1484 1269 1590 1304 Sodo-

238 1330 329 1363 rensi
348 1329 506 1373 episcopo
523 1328 656 1366 induta,
681 1326 876 1371 religiosam
900 1325 1009 1359 vitam
1031 1325 1069 1359 in
1086 1325 1187 1359 terris
1204 1325 1287 1370 egit,
1304 1329 1339 1359 et
1356 1326 1535 1359 coelestem
1553 1326 1589 1360 in

238 1386 339 1419 coelis
356 1384 494 1417 meruit.

287 1439 423 1474 Claruit
445 1449 536 1472 anno
560 1445 771 1471 Deccxew.
823 1436 959 1470 Colitur
980 1436 1139 1481 religiose
1163 1436 1220 1469 die
1242 1445 1266 1470 1.
1291 1434 1480 1469 Novembr.
1505 1441 1590 1469 tem-

239 1498 364 1540 plaque
389 1495 464 1539 eJus
490 1493 554 1527 sub
579 1493 806 1532 invocatione,
836 1497 911 1526 toto
937 1493 1065 1536 passim
1094 1502 1212 1537 regno,
1238 1492 1357 1525 divino
1387 1491 1495 1525 cultui
1521 1502 1591 1525 non

239 1562 349 1596 pauca
366 1555 499 1589 erecta3
525 1549 760 1593 praecipuum,
777 1553 818 1582 ut
833 1548 947 1587 audio,
965 1547 1107 1582 Banfiae
1124 1547 1203 1581 fuit.
1246 1546 1466 1581 Breviarium
1483 1546 1591 1580 Scoti-

241 1618 329 1641 cum.
381 1606 471 1640 Acta
488 1605 605 1640 omnia
621 1605 838 1639 interierunt.

694 1716 728 1750 S.
756 1714 1000 1749 BOEANUS,
1052 1717 1133 1749 138.

242 1837 261 1850 ‘⁶
279 1830 314 1863 S.
333 1830 536 1869 BOEANUS,
554 1829 711 1862 sacerdos
729 1833 763 1861 et
780 1827 946 1872 praesul,''
964 1832 1004 1861 ut
1020 1826 1175 1870 loquitur
1191 1835 1384 1869 anonymus
1402 1826 1439 1859 in
1456 1824 1539 1859 Vita
1552 1827 1588 1858 5.

241 1886 384 1919 Fursaei
414 1886 506 1929 apud
536 1884 676 1918 Surium
707 1889 792 1918 tom.
823 1892 847 1917 1.
877 1894 956 1928 pag.
986 1890 1094 1915 CXVI.
1145 1881 1316 1915 Omnibus
1342 1881 1497 1926 ejusdem
1522 1881 1589 1915 viri

240 1942 447 1975 sanctissimi
473 1940 618 1975 Fursaei
644 1940 776 1973 actibus
802 1944 836 1972 et
860 1938 1052 1971 visionibus
1081 1937 1189 1976 adest,
1219 1942 1427 1970 secretorum
1457 1936 1591 1970 divino-

241 2007 318 2029 rum
337 1997 515 2036 conscius;
542 2002 576 2030 et
593 2000 634 2030 ut
651 1997 738 2029 scias
756 1994 946 2027 Hirlandos
962 1992 1050 2025 nihil
1072 1992 1110 2026 in
1132 2003 1172 2026 eo
1195 1992 1331 2032 habere,
1356 1993 1404 2026 sic
1426 1993 1499 2036 ipse
1522 1993 1591 2029 ille,-

241 2062 343 2095 quem
361 2052 587 2085 indoctissimi
604 2050 758 2089 laudant,
775 2059 968 2092 anonymus
986 2048 1076 2081 idem
1098 2048 1245 2092 scriptor
1266 2052 1438 2082 testatur:
1465 2052 1488 2068 “
1505 2047 1591 2081 Ver-

241 2107 323 2140 bum
342 2106 407 2139 Dei
424 2106 652 2150 praedicabat,
670 2109 704 2139 et
721 2116 761 2138 ea
778 2105 894 2138 omnia
917 2114 1005 2147 quae
1030 2104 1174 2144 viderat,
1201 2108 1262 2137 aut
1287 2104 1455 2143 audierat,
1481 2103 1590 2137 omni·

241 2163 306 2196 bus
323 2162 458 2206 populis
476 2161 657 2195 Scotorum
675 2160 936 2194 annunciabat.”
978 2159 1076 2205 Ergo
1088 2164 1123 2193 et
1135 2159 1299 2193 revelatio
1313 2160 1350 2192 in
1363 2159 1499 2203 populis
1513 2158 1592 2192 Sco-

244 2223 359 2251 torum
388 2217 590 2262 significata,
620 2221 656 2250 et
683 2216 931 2260 depraedicata,
966 2216 1048 2259 quia
1080 2215 1117 2248 in
1147 2216 1275 2249 eisdem
1303 2216 1471 2249 divinitus
1501 2224 1592 2248 acce-

244 2278 326 2316 pta:
352 2278 386 2307 et
404 2272 563 2306 Boeanus
580 2273 718 2316 quidem
736 2273 772 2305 in
789 2272 902 2315 patria
917 2271 1085 2310 substitit,
1103 2271 1257 2305 Fursaeo
1274 2281 1351 2304 cum
1369 2269 1534 2304 fratribus
1555 2270 1590 2301 in

245 2330 391 2363 Galliam
426 2329 597 2368 tendente,
631 2334 670 2362 ut
711 2338 810 2372 saepe
851 2328 935 2361 alias
977 2327 1041 2361 hoc
1081 2337 1183 2370 opere
1223 2326 1455 2364 observatum,
1498 2324 1591 2358 viros
