1861 2682
273 226 335 255 230
648 227 872 259 HISTORIA
897 228 1257 260 ECCLESIASTICA

275 318 476 362 tesignani.’'
508 319 597 351 Sixt.
613 318 735 351 Senen.
754 319 812 351 lib.
829 327 880 350 lv.
896 318 1062 350 Biblioth.
1077 318 1221 351 Sanctae
1235 329 1242 351 :
1262 323 1282 337 “
1295 318 1446 351 Joannes
1460 318 1626 357 Dunsius,

275 374 413 406 natione
431 374 562 412 Scotus,
581 385 623 406 ex
642 374 818 406 Minorum
838 373 979 411 familia,
1000 373 1191 405 Alexandri
1209 373 1348 406 Alensis
1372 373 1534 407 Britanni
1557 376 1626 408 Lu·

273 430 377 462 tetiae
391 430 539 467 auditor,
554 430 776 462 admirandae
790 428 993 462 eruditionis
1012 428 1204 461 subtilitate
1221 429 1409 471 praeditus,
1428 430 1471 462 ob
1484 431 1627 472 profun-

273 485 450 517 dissimam
469 485 602 518 dicendi
616 485 860 518 obscuritatem
879 481 1042 521 Σκοτεινός,
1057 484 1093 516 id
1105 489 1157 516 est
1171 484 1414 523 tenebricosus,
1427 486 1518 528 quod
1531 486 1627 518 Ana-

273 550 422 584 xagorae
440 541 673 573 obscurissimi
691 551 879 584 cognomen
897 540 974 578 fuit,
993 541 1288 583 cognominatus.”
1313 540 1431 574 Jacob.
1451 542 1625 574 Breullius

274 595 331 627 lib.
348 605 389 628 11.
407 596 621 639 Antiquitat.
638 596 822 628 Parisiens.
835 606 913 639 pag.
930 604 1072 628 DXXIv.
1092 600 1112 614 ‘⁶
1124 595 1181 628 Ex
1195 596 1258 629 hoc
1272 597 1481 629 monasterio
1498 597 1625 642 [Fran-

272 652 485 684 ciscanorum
508 649 671 694 Parisiis]
695 651 837 693 plurimi
860 651 1042 684 sanctitate
1065 655 1099 684 et
1121 651 1278 684 doctrina
1301 654 1467 694 pollentes
1490 654 1625 696 prodie-

272 711 364 740 runt.
401 707 444 739 In
461 707 515 738 his
533 706 567 738 N
570 707 697 739 icolaus
716 706 889 749 Lyranus,
908 706 1103 739 Bibliorum
1120 708 1399 751 glossographus,
1419 713 1452 741 et
1470 710 1622 751 quidam,

271 766 497 806 cognomento
515 773 535 794 a
557 762 672 804 patria
689 772 751 794 sua
769 766 918 804 sumpto,
946 761 1067 795 Scotus
1093 767 1246 801 vocatus,
1269 768 1302 795 et
1319 762 1450 796 Doctor
1468 764 1622 801 Subtilis‚

271 818 369 861 cujus
394 818 560 850 memoria
586 828 764 859 nunquam
787 822 839 850 est
864 818 1029 860 peritura,
1055 818 1259 860 praesertim
1284 818 1375 851 inter
1402 819 1623 852 scholasticae

270 874 459 916 sapientiae
476 873 697 916 professores,
716 873 760 905 ob
777 873 1007 906 eruditionem
1025 885 1129 916 quam
1148 874 1285 916 scriptis
1303 875 1375 907 suis
1393 875 1531 913 insevit,
1546 875 1624 908 hae-

270 930 453 962 reticorum
479 929 651 972 impietati
678 929 914 961 retundendae
943 929 1206 972 opportunam.”
1266 928 1399 962 Eadem
1423 930 1623 974 chronologi

268 996 395 1018 omnes.

317 1042 433 1074 Multa
458 1043 499 1074 de
525 1053 565 1075 eo
589 1042 743 1075 fabulose
773 1043 970 1080 traduntur,
997 1047 1036 1074 ut
1061 1043 1154 1085 quod
1177 1043 1363 1086 imaginem
1390 1043 1560 1086 Deiparae
1586 1043 1622 1074 in

268 1102 386 1130 sancto
408 1099 531 1130 sacello
554 1098 725 1136 Lutetiae,
752 1098 993 1140 disputaturus
1017 1099 1058 1130 de
1082 1099 1302 1141 conceptione
1325 1099 1490 1142 ejusdem,
1516 1099 1622 1141 preci-

268 1154 331 1186 bus
350 1153 608 1192 incurvaverit3
636 1154 728 1197 quod
748 1153 860 1186 Roma
886 1153 1038 1186 Parisios
1063 1154 1167 1186 biduo
1191 1154 1335 1191 venerit,
1363 1165 1500 1186 causam
1525 1155 1618 1185 illam

267 1213 568 1253 propugnaturus3
584 1210 741 1253 denique,
755 1210 935 1241 “nondum
949 1215 1126 1242 mortuum
1140 1209 1257 1247 fuisse,
1266 1210 1386 1241 cumin
1401 1209 1619 1252 sepulchrum

268 1266 383 1298 illatus
405 1269 467 1302 est,
492 1265 550 1297 sed
573 1265 745 1298 duntaxat
768 1265 925 1309 lethargo
943 1269 1138 1306 correptum
1161 1265 1289 1302 ferunt,
1316 1266 1407 1307 quod
1426 1270 1544 1307 aperto
1570 1276 1621 1297 se-

266 1321 409 1363 pulchro
432 1325 551 1363 postea
575 1322 777 1359 innotuerit,
801 1322 883 1354 (lum
907 1321 944 1352 in
968 1320 1133 1364 gradibus
1159 1321 1324 1353 mausolei
1349 1321 1522 1353 devoratis
1549 1332 1619 1353 ma-

265 1377 367 1409 nibus
402 1381 559 1419 repertus
595 1377 676 1414 est,”
717 1377 765 1409 ait
803 1376 979 1409 Gilbertus
1020 1375 1261 1409 Genebrardus
1297 1376 1504 1420 Chronolog.
1540 1388 1618 1420 pag.

265 1441 446 1465 DCLXVH.
498 1432 697 1475 Eademque
727 1433 830 1474 paulo
859 1436 938 1464 ante
967 1431 1090 1464 Jovius
1121 1433 1157 1464 in
1183 1431 1318 1476 Elogiis
1344 1431 1510 1464 Virorum
1541 1433 1618 1465 doc-

265 1489 357 1521 trina
391 1488 591 1521 illustrium.
655 1488 756 1526 Quod
789 1492 1020 1520 commentum
1055 1489 1209 1531 exagitat
1249 1488 1373 1519 acriter
1414 1492 1448 1520 et
1485 1488 1619 1521 erudite

265 1544 394 1576 Matth.
418 1544 597 1582 Fert-hius,
625 1544 679 1576 vir
702 1544 955 1581 ornatissimus,
984 1543 1012 1575 F
1015 1544 1204 1576 ranciscani
1231 1544 1361 1576 ordinis
1385 1544 1617 1586 p1·ovincialiS‚

266 1605 300 1632 et
329 1600 481 1632 modeste
508 1599 680 1632 Bzovium
709 1599 878 1631 Polonum
905 1599 1004 1631 officii
1033 1599 1195 1631 admonet
1220 1600 1356 1632 exculto
1382 1610 1483 1641 opere
1508 1610 1619 1642 nuper

266 1656 438 1688 Camberii
457 1656 559 1688 edito.
583 1655 624 1687 Id
642 1656 755 1698 ipsum
777 1655 881 1687 etiam
899 1654 1046 1687 Aubert.
1066 1655 1220 1687 Miraeus
1238 1656 1273 1687 in
1288 1654 1459 1687 Chronico
1477 1655 1617 1692 refutat,

265 1712 357 1754 quod
388 1711 552 1744 Coloniae
580 1712 676 1744 nulla
706 1712 751 1743 sit
777 1711 812 1743 in
839 1711 988 1743 archivis
1019 1711 1219 1743 monasterii
1250 1711 1390 1749 mentio,
1421 1715 1481 1743 aut
1511 1711 1618 1753 epita-

265 1768 356 1809 phiis
370 1768 476 1800 variis
490 1768 625 1800 tumulo
638 1767 809 1810 appensis.
838 1767 892 1799 Ita
905 1766 996 1798 enim
1010 1767 1066 1798 ille
1079 1776 1087 1799 ι
1107 1771 1126 1785 “
1141 1766 1195 1799 .Ιο.
1208 1766 1363 1798 Dunsius
1375 1765 1506 1804 Scotus,
1516 1766 1615 1799 Doct.

267 1823 411 1856 Subtilis
430 1823 688 1867 cognomento,’'
714 1822 774 1855 &c.
825 1821 969 1855 Accedit
991 1823 1185 1855 sanctitatis
1209 1822 1325 1864 opinio
1351 1833 1420 1864 qua
1445 1833 1553 1865 usque
1580 1823 1614 1854 i11

266 1880 470 1912 hodiernum
490 1879 580 1911 diem
598 1880 711 1911 clarus
729 1883 791 1917 est,
810 1889 889 1910 nam
904 1883 937 1910 et
956 1889 1016 1910 ara
1033 1888 1109 1910 cum
1128 1878 1285 1920 lampade
1303 1878 1444 1910 ardente
1458 1877 1615 1910 Dumfri-

265 1935 306 1967 sii
337 1939 421 1973 erat,
453 1939 488 1967 et
515 1934 705 1967 Mauritius
733 1934 941 1967 Hibernicus
967 1938 1046 1966 ante
1077 1942 1171 1965 cxx.
1201 1944 1309 1966 annos
1338 1944 1416 1966 eum
1450 1933 1613 1967 Sanctum

263 1991 391 2033 ubique
418 1994 526 2028 vocat,
556 1995 591 2022 et
620 1990 790 2022 consentit
821 1989 1021 2022 Matthaeus
1046 1988 1211 2021 Ferchius
1230 1989 1331 2027 idem,
1358 1989 1489 2021 ordinis
1517 1989 1614 2022 Sera-

264 2046 356 2088 phici
374 2046 497 2083 socius,
515 2056 603 2088 quae
621 2056 698 2077 cum
723 2045 783 2078 tali
807 2044 879 2077 fato
902 2056 1057 2089 pugnare
1081 2045 1229 2083 videtur,
1253 2050 1286 2078 et
1312 2045 1438 2077 refellit
1463 2044 1614 2077 Joannes

265 2102 486 2135 Stommelius
511 2102 665 2133 oratione
690 2101 731 2133 de
757 2101 815 2132 illo
839 2100 1017 2133 Bononiae
1034 2101 1136 2138 edita,
1162 2111 1266 2143 quam
1285 2101 1362 2133 adi:
1389 2101 1479 2143 quod
1498 2106 1613 2133 tamen

263 2157 467 2202 figmentum
495 2157 590 2189 scioli
616 2157 716 2189 avide
746 2157 979 2199 arripuerunt.
1039 2155 1150 2188 Janus
1180 2155 1307 2189 Vitalis
1333 2156 1614 2189 maledicentissi-

264 2224 340 2246 mus
359 2225 378 2246 a
396 2212 418 2245 J
420 2213 499 2246 ovio
517 2217 711 2255 corruptus,
730 2212 887 2245 inficetus
906 2222 1045 2244 scurra:

556 2273 640 2308 Quod
655 2273 726 2302 nulli
741 2283 864 2311 unquam
879 2274 1022 2301 hominum
1037 2273 1146 2306 accidit,
1162 2274 1260 2306 viator,
