1861 2682
253 272 290 301 16
622 271 847 304 HISTORIA
871 270 1231 302 ECCLESIASTICA

397 362 455 396 Ad
472 363 699 402 Quaestiones
719 361 885 406 Fridigisi
1169 362 1228 394 lib.
1248 371 1271 394 1.

397 419 455 452 Ad
472 418 648 451 Eulaliam
665 418 706 451 de
724 417 873 450 Ratione
890 416 1039 449 Animae
1164 416 1223 449 lib.
1244 425 1267 449 1.

397 474 455 506 Ad
493 473 688 507 Guidonem
726 473 896 506 Comitem
934 473 975 504 de
1012 471 1170 505 Veritate

447 529 705 562 Sententiarum
1166 526 1224 559 lib.
1246 535 1269 559 1.

402 585 443 618 In
460 585 603 618 Cantica
620 584 844 618 Canticorum
1170 582 1229 614 lib.
1250 590 1274 615 1.

402 641 443 673 In
460 639 693 684 Evangelium
711 639 734 671 .Ϊ
736 640 855 673 oannis
1170 638 1228 670 lib.
1249 645 1317 671 VII.

400 696 453 728 De
470 694 668 738 Adoptione
686 695 858 727 Filiorum
1170 692 1230 726 lib.
1250 701 1273 725 1.

401 751 443 784 In
461 750 697 793 Apocalypsin
715 749 738 781 J
740 750 860 782 oannis
1169 748 1229 781 lib.
1249 757 1272 780 1.

400 807 453 839 De
470 805 723 838 Ecclesiasticis
740 804 981 849 Dignitatibus
1169 804 1227 837 lib.
1247 813 1271 836 1.

400 862 583 905 Speculum
601 860 833 893 Parvulorum
1169 860 1229 892 lib.
1249 869 1273 892 1.

400 918 453 951 De
470 917 663 950 Nominum
680 915 745 948 Dei
764 915 981 958 Proprietate
1168 915 1226 948 lib.
1247 924 1271 947 1.

399 973 484 1006 Vita
500 972 535 1005 S.
553 971 697 1005 Vedasti
714 971 879 1014 Episcopi
1170 971 1228 1004 lib.
1249 979 1274 1004 Ι.

400 1028 579 1072 Epistolae
597 1027 639 1060 ad
657 1027 813 1059 diversos
1170 1027 1230 1060 lib.
1250 1035 1275 1058 1.

404 1084 445 1117 In
470 1083 665 1128 Evangelia
689 1081 952 1114 Dominicorum
980 1081 1139 1120 Dierum,

449 1139 642 1177 Feriarum,
660 1137 844 1170 Festorum
861 1137 968 1170 totius
987 1138 1081 1176 anni,
1169 1137 1228 1170 lib.
1250 1146 1275 1170 1.

400 1194 459 1227 Ex
491 1193 700 1227 Doctoribus
735 1191 921 1225 Catholicis
957 1191 1131 1226 Homiliae
1170 1201 1300 1225 ccmv.

401 1251 443 1283 In
461 1250 622 1283 Genesim
1171 1248 1229 1280 lib.
1250 1256 1274 1279 1.

402 1306 446 1339 In
462 1305 695 1338 Ecclesiasten
1170 1303 1229 1336 lib.
1250 1312 1273 1336 1.

402 1363 444 1395 In
462 1361 638 1404 Epistolas
656 1359 756 1391 Pauli
1170 1359 1228 1391 lib.
1248 1367 1330 1391 ΧΠ.

403 1416 633 1450 Enchiridion
651 1415 687 1447 in
704 1415 871 1459 quosdam
892 1415 1047 1448 Psalmos
1169 1414 1227 1446 lib.
1249 1423 1272 1446 1.

404 1471 661 1506 Sententiarum
1170 1470 1227 1503 lib.
1248 1479 1271 1502 1.

403 1526 609 1561 Rhetoricae
1173 1525 1231 1558 lib.
1252 1535 1275 1558 1.

310 1585 404 1618 Haec
415 1584 554 1627 quidem
568 1592 675 1625 paene
689 1581 805 1614 omnia
819 1581 893 1614 luce
908 1582 1045 1620 donata,
1057 1581 1099 1614 de
1112 1581 1238 1624 quibus
1252 1581 1402 1625 maligne
1414 1580 1500 1614 Ant.
1517 1581 1611 1614 Cocc‘

262 1641 448 1674 Sabellicus
462 1638 619 1671 Ennead.
635 1645 720 1669 vul.
737 1637 796 1670 lib.
816 1645 871 1670 lx.
890 1638 927 1670 in
945 1637 1084 1669 limine:
1104 1642 1124 1655 “
1138 1636 1308 1669 Alcuinus
1322 1635 1437 1669 Caroli
1455 1648 1612 1680 praecep-

261 1704 326 1735 tor,
345 1696 443 1740 cujus
462 1695 505 1727 ad
522 1698 676 1737 posteros
694 1693 805 1725 multa
826 1697 1019 1731 manarant,
1044 1693 1216 1735 sapienter
1238 1697 1272 1725 et
1295 1692 1361 1734 pie,
1378 1693 1489 1736 magis
1506 1703 1609 1735 quam

263 1753 461 1795 eloquenter
477 1747 714 1782 elucubrata.'’
765 1746 1013 1791 Eloquentiam
1030 1759 1135 1791 quam
1160 1748 1306 1791 requirit
1329 1748 1445 1780 nullus
1470 1748 1548 1780 rudi
1573 1759 1612 1780 eo

263 1809 375 1841 seculo
402 1804 608 1849 possidebat,
633 1808 667 1836 et
690 1804 719 1836 si
743 1804 821 1847 quis
846 1804 933 1836 alius
955 1803 1126 1836 Alcuinus
1149 1807 1276 1836 noster.
1327 1802 1483 1845 Aequius
1512 1802 1611 1835 Wer-

262 1873 365 1896 uerus
392 1861 600 1894 Rolevincus
626 1858 782 1898 Laetius,
808 1859 1043 1902 Westphalus‚
1070 1858 1291 1891 carthusiani
1316 1858 1469 1890 instituti
1495 1869 1611 1891 mona-

265 1919 360 1956 chus,
386 1923 506 1950 auctor
531 1915 702 1948 Fasciculi
728 1915 962 1958 Temporum:
989 1919 1009 1933 “
1026 1913 1207 1952 Alcuinus,
1238 1914 1293 1946 vir
1321 1913 1551 1951 doctissimus,
1577 1920 1611 1947 et

265 1978 401 2006 sanctae
427 1973 529 2010 vitae,
555 1972 667 2004 clarus
692 1971 857 2015 magister
881 1969 1007 2007 Caroli,
1035 1970 1144 2002 multa
1169 1970 1305 2012 scripsit
1326 1974 1359 2002 et
1378 1968 1611 2002 reformavit.‘'

266 2030 371 2063 Anno
390 2029 518 2061 scilicet
536 2034 706 2059 Dccxcv.

314 2084 435 2127 Nuper
452 2094 534 2115 vero
551 2082 667 2115 studio
685 2080 828 2113 Henrici
847 2080 977 2113 Canisii
997 2088 1034 2113 V.
1053 2089 1086 2113 c.
1109 2085 1169 2113 aut
1193 2081 1338 2114 aliorum
1361 2082 1583 2124 prodierunt:

410 2138 569 2181 Epistola
585 2137 626 2169 de
644 2135 876 2169 Confessione.

409 2193 588 2237 Epistolae
608 2200 649 2224 11.
668 2192 762 2225 aliae.

410 2249 597 2282 Dialectica
1172 2247 1231 2280 lib.
1251 2256 1276 2279 1.

411 2304 566 2338 Homilia
583 2304 619 2337 in
636 2304 786 2337 natalem
804 2302 838 2336 S.
859 2302 1073 2336 Willibrordi
1175 2302 1232 2335 lib.
1253 2312 1276 2335 Ι,
