1861 2682
597 257 768 289 GEN‘rls
789 255 1061 294 SCOTORUM,
1086 256 1171 288 LIB.
1198 257 1223 288 1.
1551 260 1585 289 11

233 352 328 384 nium
347 361 405 384 ore
426 349 606 383 laudabilis
631 350 674 383 ad
700 360 813 382 sacros
839 349 975 382 ordines
1000 353 1191 392 promotus,
1216 349 1320 382 etiam
1345 350 1388 382 ad
1411 349 1583 392 episcopa-

232 413 287 439 tus
306 417 392 450 opus
415 411 612 449 assumptus
635 405 713 443 fuit,
736 416 805 448 quo
821 409 961 438 strenue
979 405 1111 447 aliquot
1128 404 1229 438 annis
1247 405 1490 438 administrato
1513 404 1582 438 Ro-

232 473 322 495 mam
349 462 445 495 venit
470 462 513 494 ad
538 462 772 504 apostolorum
797 461 939 493 limina:
969 460 1049 492 inde
1079 470 1160 493 vero
1189 460 1225 492 in
1255 460 1405 503 patriam
1435 460 1580 499 rediens,

231 519 313 550 dum
332 518 422 560 apud
442 517 645 550 Faventiam
663 516 875 555 consisteret,
892 516 992 560 gravi
1010 516 1177 560 languore
1189 520 1368 558 correptus
1382 517 1500 559 paucis
1514 516 1582 548 die-

230 573 293 605 bus
312 572 456 605 feliciter
479 573 644 617 migravit
667 583 686 605 a
708 572 868 610 saeculo;
895 571 993 615 cujus
1015 582 1138 614 corpus
1160 576 1259 604 extra
1283 571 1379 604 urbis
1403 583 1520 605 muros
1547 573 1581 605 in

231 628 370 660 ecclesia
387 627 421 660 S.
441 628 627 660 Clementis
646 628 827 661 humatum
846 626 925 659 fuit.
976 626 1065 660 Cum
1084 632 1199 660 autem
1218 639 1239 660 a
1256 627 1474 670 Luitprando
1492 627 1583 661 Lon-

228 683 458 726 gobardorum
477 694 557 727 rege
574 684 696 716 civitas
714 683 921 726 depopulata
938 693 977 715 ac
998 683 1179 716 devastata
1200 688 1300 723 esset,
1324 694 1449 726 corpus
1472 685 1581 717 sancti

228 739 369 771 omnino
399 739 614 782 incognitum
644 739 820 771 remansit.
882 737 933 771 At
962 743 1116 781 tempore
1146 738 1354 773 Bernardini
1379 740 1514 773 comitis
1544 750 1582 772 ac

229 793 491 826 Theodolendae
509 795 583 837 ejus
602 794 730 832 uxoris,
749 794 963 827 reaedificata
988 794 1139 833 civitate,
1166 806 1270 838 supra
1297 795 1514 840 incognitum
1529 806 1582 828 se-

230 848 410 891 pulchrum
437 850 595 881 cumulus
613 849 705 882 foeni
731 850 864 892 positus
889 849 967 883 fuit.
995 850 1107 892 Super
1125 861 1203 883 eum
1223 861 1304 883 vero
1322 862 1398 883 cnm
1418 851 1486 884 duo
1504 862 1583 884 con-

227 904 476 942 fabularentur,
500 915 573 936 ecce
598 906 684 937 alter
705 915 824 937 eorum
845 905 944 948 alapa
969 905 1191 938 invisibiliter
1216 917 1397 949 percussus
1424 918 1506 951 erga
1530 918 1582 940 so—

226 960 318 992 cium
338 960 499 997 irascens,
522 960 578 992 ille
600 971 682 992 vero
699 971 735 992 se
752 966 941 1000 excusaret,
968 961 1094 993 iterum
1122 966 1156 993 et
1181 962 1284 994 tertio
1309 972 1491 1005 percussus
1517 968 1580 996 est.

227 1015 450 1048 Admirantes
468 1016 572 1048 simul
590 1016 673 1058 quid
698 1015 764 1048 sibi
788 1015 852 1048 hoc
878 1017 991 1055 vellet,
1017 1027 1091 1049 rem
1117 1018 1160 1049 ad
1186 1018 1346 1051 comitem
1372 1019 1581 1057 detulerunt.

225 1072 283 1114 qui
307 1072 413 1115 jussit
439 1071 579 1104 foenum
605 1072 768 1110 amoveri,
794 1076 828 1104 et
854 1077 981 1105 terram
1007 1072 1090 1111 fodi,
1116 1073 1367 1117 inventumque
1393 1078 1445 1106 est
1470 1075 1579 1107 sancti

225 1137 358 1169 corpus,
376 1127 532 1169 miraque
549 1126 743 1171 fragrantia
759 1138 802 1160 ex
819 1138 858 1160 eo
876 1128 991 1171 erupit
1006 1138 1014 1161 ε
1042 1139 1148 1171 quare
1166 1129 1259 1162 intra
1277 1129 1413 1163 moenia
1430 1129 1582 1164 civitatis

225 1192 360 1214 summo
385 1182 515 1214 honore
540 1183 693 1215 delatum
719 1188 754 1216 et
779 1184 953 1226 sepultum
980 1188 1032 1217 est
1058 1184 1094 1216 in
1120 1185 1259 1217 ecclesia
1284 1184 1319 1217 S.
1348 1185 1490 1223 Mariae,
1522 1185 1581 1219 ubi

225 1237 400 1269 miraculis
418 1237 608 1270 coruscat.”
657 1238 803 1281 Scripsit
820 1243 936 1271 autem

366 1292 419 1325 De
449 1292 711 1337 Dreyburgensi
742 1293 916 1327 Coenobio
950 1294 1008 1327 lib.
1046 1304 1069 1327 1.
1105 1297 1288 1329 canonicus
1318 1297 1487 1342 regularis
1518 1298 1583 1330 hu·

410 1349 470 1392 jus
498 1349 709 1387 monasterii,
739 1354 778 1382 ut
805 1351 916 1392 placet
944 1349 1100 1383 Gilberto
1129 1350 1262 1389 Bruno,
1288 1352 1347 1384 sed
1373 1352 1471 1392 falso,
1499 1363 1581 1385 nam

416 1415 502 1447 opus
520 1405 607 1436 illud
620 1405 730 1437 multo
744 1405 916 1447 posterius
931 1410 982 1438 est
997 1410 1107 1439 aetate
1120 1405 1320 1439 Aemiliani.
1347 1406 1479 1440 Verum
1494 1419 1579 1451 opus

416 1460 507 1493 illius
525 1465 577 1493 est
594 1459 652 1493 Ad
670 1460 901 1494 Restennetos
920 1461 1062 1494 Fratres
1097 1461 1155 1495 lib.
1176 1470 1201 1495 1.

370 1515 422 1548 De
439 1515 538 1548 Actis
558 1516 728 1549 Bonifaeii
746 1517 805 1549 lib.
827 1526 850 1549 1.
877 1517 945 1550 Hic
968 1522 1019 1550 est
1044 1517 1245 1551 Bonifacius
1268 1530 1367 1562 papa,
1395 1525 1428 1552 et
1454 1520 1581 1562 episco-

414 1583 478 1614 pus
509 1572 691 1605 Rossensis
727 1573 764 1605 in
799 1572 925 1612 Scotia,
960 1574 1019 1616 qui
1057 1573 1309 1607 Restennetum
1343 1575 1516 1613 fundavit,
1548 1581 1580 1608 et

415 1628 586 1660 canonicis
611 1628 828 1672 regularibus
846 1629 1018 1662 attribuit.
1071 1629 1240 1663 Boethius
1259 1630 1294 1662 in
1308 1631 1519 1673 praefatione
1534 1633 1575 1664 ad

417 1682 607 1725 Episcopos
625 1682 900 1717 Aberdonenses.

272 1739 353 1771 Vita
371 1742 466 1771 extat
485 1738 561 1772 MS.
582 1739 770 1772 Faventiae
789 1741 881 1783 apud
900 1741 978 1774 RR.
999 1741 1069 1774 ΡΡ.
1091 1741 1347 1781 Franciscanos‚
1369 1743 1497 1786 scripta
1520 1753 1580 1786 per

222 1795 390 1827 Joannem
408 1793 603 1827 Antonium
623 1794 834 1828 Flaminium
853 1796 1202 1835 Forocornelieilsem,
1222 1797 1341 1831 Italico
1360 1798 1495 1832 reddita
1518 1809 1580 1842 per

226 1850 371 1882 Paulum
390 1849 563 1883 Carinum
583 1850 827 1884 Faventinuin.
860 1852 916 1884 Sic
933 1853 1075 1895 incipit:
1095 1858 1115 1872 “
1129 1853 1164 1886 S.
1179 1853 1397 1886 Aemilianus
1412 1854 1448 1886 in
1463 1854 1580 1887 Scotia

225 1911 335 1943 natus,
352 1906 540 1939 Faventiae
553 1907 758 1949 protector.”
787 1907 809 1939 J
812 1919 939 1941 oannes
953 1919 973 1941 a
986 1908 1100 1953 Nigra
1110 1908 1219 1948 Valle,
1234 1910 1268 1943 S.
1282 1909 1326 1942 R.
1340 1908 1382 1942 Ε.
1399 1908 1580 1942 bibliothe-

224 1961 335 1993 carius
353 1962 571 2003 apostolicus‚
589 1963 725 2006 epilogo
743 1962 994 1997 Chronicarum
1013 1973 1103 1997 xul.
1118 1976 1190 2008 cap.
1207 1974 1325 1998 xvnt.
1344 1969 1364 1984 ‘⁶
1379 1966 1412 1998 S.
1433 1965 1579 1998 Aemili-

226 2027 322 2053 anus,
342 2017 519 2060 episcopus
537 2017 732 2056 scomensis,
751 2018 955 2053 confessor.”

721 2132 756 2163 S.
784 2131 968 2164 ALTHO.
1022 2135 1076 2164 11.

223 2241 255 2271 S.
294 2240 438 2272 ALTHO
480 2241 667 2273 monachus
711 2241 966 2282 Benedictinus,
1010 2250 1043 2278 et
1085 2246 1217 2288 primus
1261 2246 1363 2278 abbas
1408 2251 1575 2278 monaste—

224 2295 265 2326 rii
297 2296 386 2337 quod
424 2295 466 2328 ab
500 2296 592 2328 illius
627 2297 765 2330 nornine
799 2298 1041 2333 Altomunster
1071 2306 1224 2339 vocatur,
1254 2302 1353 2343 quasi
1383 2302 1474 2334 dicas
1504 2311 1576 2333 mo-
