1861 2682
632 270 856 301 HISTORIA
882 269 1246 301 ECCLESIASTICA

262 271 278 298 „a

283 270 301 298 ω

303 270 322 298 0

406 361 603 404 Singularia
621 372 663 393 ex
680 361 704 392 J
706 372 766 393 ure
786 360 954 393 Caesareo
1220 361 1278 393 lib.
1302 369 1325 392 1.

310 417 472 449 Florebat
490 428 581 449 anno
601 425 734 448 MDXX.
754 415 903 448 Boethio
921 416 1085 458 aequalis.

595 527 822 560 JOANNES
849 526 1138 559 GRYSONIUS.
1190 526 1270 564 619.

260 640 446 673 JoANNEs
477 640 682 683 Grysonius,
713 639 935 672 Dominicani
964 639 1118 670 instituti
1149 639 1272 677 socius,
1307 640 1342 671 in
1376 638 1615 673 Aberdonensi

260 697 433 729 academia
451 697 664 739 praeclarum
683 706 808 728 nomen
828 706 846 727 a
873 694 971 726 bonis
997 694 1129 726 artibus
1156 694 1293 733 meruit,
1322 695 1468 739 triginta
1493 696 1615 728 deinde

263 756 352 785 totos
370 763 478 784 annos
496 752 628 784 ordinis
647 751 700 783 sui
719 750 951 793 provincialis.
1003 750 1150 792 Scripsit

401 808 454 840 De
485 807 630 840 Miseria
665 807 881 851 Religionem
918 806 1131 839 Catholicam
1167 806 1203 838 in
1233 805 1348 839 Scotia
1377 807 1613 849 profitentium

449 864 508 896 nb.
530 872 553 895 1.
1332 853 1338 857 ’

401 920 453 952 De
472 919 563 952 Casu
583 919 726 952 Ordinis
745 919 811 957 sui,
829 923 863 951 et
882 918 1103 960 Paupertate,
1154 917 1212 950 lib.
1234 927 1257 950 1.
1301 918 1441 951 Literae
1459 924 1540 951 sunt
1559 929 1615 961 pe-

448 986 508 1007 nes
527 975 570 1007 R.
591 975 631 1007 P.
651 975 812 1008 Plodium
836 973 1102 1012 Bononiensem,
1129 978 1163 1006 et
1189 977 1310 1006 extant
1335 974 1372 1007 in
1400 974 1546 1007 historia
1571 975 1613 1007 ab

447 1042 486 1064 eo
505 1032 643 1074 scripta.

307 1088 467 1120 Pervenit
495 1098 603 1129 usque
630 1087 672 1120 ad
700 1097 830 1119 annum
859 1094 1034 1118 MDLXIV.
1088 1085 1251 1118 Meminit
1282 1086 1413 1118 Hector
1444 1086 1613 1118 Boethius

255 1145 290 1176 in
309 1144 380 1176 vita
399 1142 561 1176 Gulielmi
581 1142 807 1186 Elphinstoni
826 1141 884 1174 lib.
904 1142 945 1173 de
965 1141 1149 1184 Episcopis
1168 1140 1485 1175 Aberdonensibus.

754 1238 795 1270 B.
823 1236 990 1270 GUIDO.
1042 1236 1122 1269 620.

255 1312 296 1344 B.
326 1312 469 1350 GUIDO,
496 1312 532 1344 S.
559 1310 739 1343 Benedicti
766 1309 965 1347 monachus,
993 1320 1010 1340 e
1036 1310 1302 1354 congregatione
1329 1309 1537 1348 Turonensi,
1570 1311 1611 1342 de

254 1379 321 1410 qua
340 1370 449 1400 multa
468 1368 504 1400 in
522 1368 708 1410 Apparatu
727 1367 769 1398 ad
790 1365 983 1397 Historiam
1003 1364 1183 1403 Scoticam,
1211 1365 1265 1396 vir
1291 1364 1359 1397 fuit
1377 1365 1470 1397 illius
1489 1368 1610 1399 aetatis

253 1424 495 1468 dignissimus3
515 1424 556 1455 de
568 1433 636 1465 quo
649 1421 840 1454 audiendus
853 1425 972 1452 auctor
984 1419 1230 1453 Scotichronici
1245 1420 1303 1452 lib.
1322 1428 1377 1452 IX.
1392 1431 1465 1463 cap.
1479 1430 1609 1454 XXVII.

255 1484 275 1498 “
294 1479 418 1517 Guido‚
438 1480 570 1522 primus
589 1478 693 1510 abbas
711 1478 752 1509 de
770 1476 952 1513 Londoris,
977 1486 1053 1507 cum
1073 1476 1186 1517 ipsum
1206 1477 1317 1508 locum
1337 1487 1357 1508 a
1374 1475 1610 1510 fundamentis

254 1535 474 1573 extruxisset,
500 1539 534 1567 et
563 1533 713 1566 officinas
739 1543 865 1575 magna
891 1542 933 1563 ex
959 1536 1056 1573 parte
1083 1531 1292 1573 perfecisset,
1318 1536 1352 1564 et
1378 1531 1449 1564 fere
1474 1543 1535 1575 per
1562 1534 1611 1565 vi-

252 1592 342 1635 ginti
363 1596 438 1623 octo
457 1601 565 1623 annos
584 1588 831 1621 monasterium
856 1592 996 1619 strenue
1019 1587 1174 1624 rexisset,
1199 1587 1383 1620 monachos
1408 1590 1610 1630 superstites

252 1648 448 1689 relinquens
467 1646 596 1682 ordine,
622 1649 655 1676 et
681 1643 847 1687 religione
872 1643 1024 1684 plenarie
1045 1643 1262 1680 informatos,
1286 1654 1404 1675 omnes
1425 1643 1549 1676 fratres
1568 1646 1609 1677 de

252 1703 418 1734 charitate
437 1706 559 1734 mutua
577 1700 776 1737 exhortans,
796 1703 830 1731 et
848 1710 868 1731 a
888 1699 1221 1743 transgressionibus
1240 1699 1432 1738 absolvens,
1455 1705 1488 1732 et
1507 1700 1550 1732 ab
1567 1701 1609 1733 iis

252 1759 429 1791 absolutus
448 1763 482 1790 et
499 1758 684 1792 osculatus,
704 1756 794 1787 inter
812 1754 916 1787 verba
934 1755 1171 1787 collocutionis
1190 1759 1293 1797 caput
1311 1755 1347 1787 in
1366 1765 1471 1787 manu
1489 1755 1608 1788 fratris

252 1815 315 1846 sibi
336 1814 519 1846 assidentis
538 1812 719 1849 reclinans,
738 1811 837 1853 quasi
856 1811 1040 1848 dormiens,
1055 1810 1158 1843 hilari
1173 1811 1274 1843 vultu
1292 1811 1426 1853 quievit
1440 1811 1473 1843 in
1489 1811 1608 1844 Domi-

252 1871 326 1903 no.”
379 1870 526 1912 Scripsit

395 1926 452 1957 Ad
478 1924 650 1957 Davidem
678 1923 912 1956 Fundatorem
1045 1922 1103 1955 lib.
1124 1931 1147 1954 1.
1175 1921 1259 1954 Fuit
1284 1922 1339 1955 hic
1365 1933 1476 1955 comes
1505 1923 1606 1956 Hun-

443 1981 623 2018 tintoniae,
635 1980 727 2024 regis
742 1978 921 2011 wilhelmi
937 1976 1055 2015 frater,
1074 1977 1134 2020 qui
1148 1977 1235 2010 bello
1248 1977 1445 2010 Palaestino
1464 1978 1608 2012 feliciter

440 2036 595 2070 confecto
613 2037 723 2068 redux
742 2035 776 2067 in
802 2035 962 2076 patriam,
987 2034 1098 2066 locum
1123 2034 1218 2065 illum
1239 2033 1410 2066 fundavit.
1441 2034 1607 2067 Boethius

441 2093 500 2125 lib.
523 2101 612 2124 x111.

396 2148 668 2181 Exhortationes
686 2147 729 2179 ad
747 2145 899 2178 Fratres.

296 2206 442 2239 Creatus
473 2204 577 2237 abbas
608 2213 700 2235 anno
731 2210 931 2238 MCPLXXVI.
965 2201 1050 2234 obiit
1077 2212 1167 2234 anno
1195 2209 1365 2234 MCCXIX.
1397 2202 1452 2234 die
1477 2201 1511 2234 S.
1539 2202 1606 2234 Bo-

255 2261 379 2304 tulphi,
398 2259 677 2294 Scotichronicon
699 2259 772 2292 loco
794 2258 957 2291 laudato:
984 2268 1052 2299 quo
1078 2258 1132 2289 die
1158 2258 1297 2295 ecclesia
1323 2258 1380 2290 illa
1407 2259 1607 2290 memoriam

253 2318 380 2351 recolit.
