1861 2682
567 267 738 299 GENTIS
762 264 1033 302 SCOTORUM‚
1059 264 1148 296 LIB.
1172 265 1198 296 Ι.
1536 263 1577 294 87

218 371 341 404 scopus
370 359 660 405 Hagustaldensis
690 361 728 393 in
753 358 885 404 Anglia
909 357 1144 396 renunciatus,
1170 356 1229 390 sed
1254 355 1369 401 gentis
1393 354 1472 388 odio
1498 355 1576 388 sede

219 427 282 450 sua
299 417 473 460 depulsus,
491 415 666 450 candidae
684 416 791 449 Casae
810 416 989 458 episcopus
1013 414 1050 446 in
1074 413 1189 446 Scotia
1206 416 1258 445 est
1275 412 1516 455 inauguratus,
1536 416 1575 443 ut

218 472 373 514 disputat
392 471 493 505 Hect.
512 471 636 504 Boeth.
656 472 714 505 lib.
730 480 785 505 1X.
805 471 900 504 Hist.
915 470 1005 503 Scot.
1021 480 1100 514 pag.
1116 476 1286 502 CLXXXI.
1322 466 1413 511 Ejus
1427 467 1575 499 auctori-

218 532 289 560 tate
306 528 420 561 utitur
437 527 534 560 Beda
550 527 609 560 lib.
630 536 688 560 111.
708 527 802 561 Hist.
821 526 1019 560 Ecclesiast.
1039 524 1142 558 Gent.
1161 523 1309 569 Anglor.
1334 533 1408 566 cap.
1428 530 1518 555 X111.
1544 526 1577 555 et

218 581 277 615 lib.
298 591 350 616 IV.
369 594 442 626 cap.
462 591 546 616 XIV.
597 582 743 627 Scripsit

363 638 545 672 Passiones
563 638 769 672 Sanctorum
1087 637 1146 670 lib.
1167 645 1191 669 1.

363 693 578 727 Officiarium
595 705 677 728 suae
694 694 868 728 Ecclesiae
1085 693 1144 726 lib.
1165 701 1190 726 1.

363 748 541 792 Epistulas
558 750 602 783 ad
619 749 761 784 Amicos
1086 749 1146 782 lib.
1166 757 1191 782 1.

264 805 423 838 Antistes
440 810 575 838 creatus
593 810 644 839 est
662 817 753 839 anno
772 813 906 839 Decxx.
933 804 1080 839 Sedebat
1101 805 1185 837 dum
1203 803 1300 837 Beda
1318 803 1415 843 obiit,
1433 803 1497 837 hoc
1514 807 1577 840 est,

219 871 309 894 anno
328 869 553 894 DCCXXXIV.
594 861 724 895 Matth.
743 861 992 895 Westmonast.
1013 872 1053 894 eo
1071 871 1173 894 anno.
1217 860 1316 894 Obiit
1336 868 1480 894 neem„

637 972 865 1007 JOANNES
890 972 1049 1006 ADAM.
1101 974 1158 1005 54.

218 1085 405 1118 JOANNES
432 1085 549 1119 Adam
579 1084 848 1124 Aberdonensis‚
883 1084 1145 1123 Dominicanus,
1175 1084 1308 1127 primus
1338 1083 1376 1116 in
1405 1082 1580 1116 academia

217 1151 332 1173 sacrae
366 1141 559 1185 theologiae
592 1142 745 1174 lauream
779 1141 988 1174 doctoralem
1021 1140 1184 1183 percepit.
1247 1139 1379 1173 Hector
1409 1138 1579 1173 Boethius

218 1194 277 1227 lib.
305 1203 394 1227 xm.
423 1195 557 1228 Histor.
585 1195 676 1228 Scot.
703 1207 781 1240 pag.
802 1204 1025 1228 ceLxxxiv.
1050 1195 1220 1229 Ordinem
1246 1206 1349 1229 suum
1374 1195 1418 1228 ab
1442 1195 1518 1238 ipso
1543 1193 1577 1226 S.

219 1249 402 1283 Dominico
420 1258 528 1283 0000.
553 1255 633 1283 ante
658 1261 694 1283 se
720 1251 820 1283 annis
847 1250 1047 1284 Alexandro
1073 1251 1207 1284 Scotiae
1231 1252 1306 1296 regi
1331 1251 1424 1295 apud
1450 1250 1582 1292 Philip-

218 1315 302 1348 pum
320 1304 453 1338 Galliae
469 1316 585 1350 regem
604 1306 721 1350 agenti
739 1306 1028 1344 commendatum,
1052 1317 1091 1339 ac
1114 1318 1184 1339 non
1206 1307 1295 1340 nihil
1315 1318 1336 1340 a
1352 1306 1465 1350 primo
1482 1305 1580 1338 insti-

220 1365 297 1395 tuto
313 1360 560 1399 deflectentem,
578 1361 805 1394 sanctissimis
823 1361 977 1394 moribus
994 1361 1209 1395 reformavit.
1259 1362 1405 1405 Scripsit

361 1416 415 1449 De
431 1416 534 1450 Vitae
552 1416 765 1450 Monasticae
782 1416 903 1450 Laude
1088 1417 1148 1450 lib.
1168 1426 1193 1450 1.

364 1471 417 1505 De
434 1471 673 1505 Dominicanis
691 1473 886 1506 illustribus
1091 1473 1151 1507 lib.
1170 1482 1195 1506 1.

268 1527 404 1562 Claruit
421 1538 512 1561 anno
531 1536 662 1561 MDXV.
714 1528 853 1562 Laudat
869 1527 1046 1562 Leslaeus.

774 1623 926 1658 ADDA.
978 1627 1035 1659 55.

220 1696 342 1730 ADDA
359 1696 550 1740 presbyter,
574 1707 665 1730 unus
689 1707 731 1730 ex
754 1701 904 1740 quatuor
927 1698 988 1741 qui
1012 1708 1092 1732 cum
1117 1697 1152 1732 S.
1177 1698 1337 1733 Finnano
1359 1699 1397 1732 in
1413 1697 1580 1744 Angliam

221 1757 398 1791 venerant,
424 1753 553 1796 quique
579 1752 698 1786 Penda
723 1752 934 1786 Merciorum
961 1755 1053 1799 regis
1079 1754 1149 1788 filio
1180 1755 1356 1798 baptizato
1385 1755 1423 1788 in
1447 1754 1580 1799 Angh'a

222 1808 390 1847 substitit,
407 1813 585 1852 totamque
602 1813 741 1853 gentem
767 1809 810 1841 ad
836 1808 1053 1843 Christianos
1079 1812 1192 1844 cultus
1217 1811 1399 1854 pertraxit,
1424 1815 1459 1844 et
1484 1822 1580 1844 sacro

221 1863 316 1897 fonte
340 1875 468 1908 magna
488 1865 617 1907 pietate
640 1864 816 1903 lustravit,
842 1869 883 1897 ut
902 1870 1021 1898 narrat
1048 1865 1246 1900 Florentius
1264 1866 1518 1912 Wigorniensis
1536 1868 1579 1900 ad

222 1930 351 1952 annum
381 1928 522 1953 DCL111.
553 1919 643 1965 Ejus
669 1921 762 1964 apud
787 1925 960 1954 nostrates
986 1922 1181 1965 scriptores,
1211 1922 1304 1966 quod
1333 1923 1450 1962 sciam,
1482 1923 1579 1956 nulla

221 1975 362 2008 mentio.
412 1974 558 2018 Scripsit

364 2029 417 2063 De
435 2029 557 2064 Gratia
574 2030 760 2078 Evangelii
1089 2033 1148 2067 lib.
1168 2041 1192 2066 1.

269 2084 405 2118 Claruit
422 2096 512 2119 anno
529 2086 631 2120 dicto.

737 2182 950 2218 ALANUS.
1002 2183 1060 2218 56.

221 2251 401 2291 ALANUS,
456 2251 561 2285 abbas
609 2255 809 2287 monasterii
859 2255 1040 2290 Scotorum
1091 2256 1209 2291 Sancti
1258 2257 1380 2291 Jacobi
1429 2258 1575 2302 Majoris

220 2308 258 2341 in
306 2307 472 2342 suburbio
522 2307 799 2352 Herbipolitano‚
849 2321 993 2346 numero
1043 2317 1203 2347 censetur
1257 2322 1374 2347 XXIV.
1430 2313 1576 2347 Theolo-
