1861 2682
919 268 945 306 ii

260 375 419 422 tempus
453 369 624 408 Tornaci
657 375 698 408 et
726 369 896 408 Tolosae
927 369 1185 410 humaniores
1216 370 1371 410 litteras
1401 371 1603 417 docuerat,

260 446 351 470 cum
373 434 459 484 ejus
479 432 608 484 prima
629 437 737 470 aetas
756 431 820 470 his
846 432 995 470 mirum
1022 433 1064 470 in
1093 434 1260 472 modum
1289 433 1436 480 dedita,
1466 434 1508 472 in
1538 433 1603 471 iis--

261 495 435 546 demque
456 508 477 532 a
493 494 521 531 'J
526 500 615 532 usto
637 494 775 545 Lipsio
796 493 1009 532 institutus
1030 494 1181 534 fuisset.
1239 495 1389 533 Caussa
1414 509 1508 534 vero
1535 496 1603 533 de-

259 557 450 594 serendae
470 556 627 594 Galliae
653 555 743 601 fuit,
771 555 881 607 quod
907 556 1087 594 concitus
1117 557 1168 595 ad
1196 557 1324 595 rixam
1353 557 1603 608 gravissimas

258 618 488 656 inimicitias
508 631 599 656 cum
620 617 917 669 potentioribus
937 618 1179 668 quibusdam
1210 625 1447 670 susceperat,
1474 619 1602 670 quod-

256 694 334 732 que
355 694 377 718 a
397 680 571 731 Magnae
593 679 828 717 Britanniae
849 693 940 730 rege
960 680 1113 731 patriae
1132 680 1324 718 historiae
1349 680 1601 718 conscriben-

254 743 328 781 dae
352 743 589 781 mandatum
620 746 836 793 acceperat.
895 740 1018 779 Plura
1043 741 1118 780 hac
1145 743 1195 780 de
1222 756 1264 780 re
1291 741 1468 793 reliquit,
1495 742 1599 780 nihil

256 811 402 850 tamen,
422 804 533 856 quod
559 804 690 849 sciam,
718 804 759 841 in
789 802 934 854 vulgus
961 803 1099 842 edidit.
1156 804 1335 842 Venerat
1366 804 1407 842 in
1439 803 1600 842 Italiam

255 866 319 905 vel
339 872 433 905 ante
455 866 558 904 illud
578 871 749 917 tempus,
776 879 858 916 quo
884 878 907 903 a
931 865 1075 903 Cosmo
1101 865 1156 904 ΙΙ.
1184 866 1314 904 sactus
1344 871 1404 903 est
1431 865 1602 903 Pisanus

252 929 452 981 magister,
472 934 513 966 et
534 928 689 966 Romae
718 933 807 965 tum
835 927 957 965 fuisse
985 940 1034 965 ex
1066 941 1113 965 eo
1143 928 1287 979 conjici
1316 933 1460 979 potest,
1489 927 1599 978 quod

252 1005 322 1043 per
344 991 512 1029 Petrum
533 989 764 1035 Stroetium,
785 988 1011 1041 praesulem
1032 989 1336 1040 amplissimum,
1361 988 1529 1027 Paullus
1550 989 1598 1027 V.

251 1066 432 1091 summus
452 1052 647 1104 pontifex,
677 1052 820 1103 ipsum,
847 1057 896 1089 ut
924 1051 1101 1102 praemio
1131 1050 1268 1102 aliquo
1294 1050 1520 1089 afficeretur
1549 1051 1600 1089 ob

252 1117 449 1167 ejuratam
469 1114 678 1159 haeresim,
699 1114 749 1151 de
767 1112 935 1150 meliore
962 1117 1058 1150 nota
1085 1112 1238 1163 Magno
1265 1111 1371 1150 Duci
1397 1126 1600 1151 commen-

251 1177 371 1215 davit.
429 1177 582 1214 Paucos
602 1180 693 1227 post
712 1188 869 1213 menses
890 1187 1010 1225 quam
1033 1174 1075 1211 in
1096 1174 1304 1212 Etruriam
1331 1180 1506 1220 venerat,
1530 1188 1599 1226 pe-

248 1239 315 1278 tiit
349 1244 396 1277 ut
429 1239 504 1276 sibi
535 1242 712 1290 potestas
743 1237 907 1274 daretur
938 1235 1136 1274 redeundi
1167 1235 1218 1273 ad
1249 1249 1353 1281 suos,
1387 1249 1432 1274 ac
1461 1249 1597 1275 secum

250 1301 359 1339 Pisas
379 1314 549 1339 uxorem
571 1305 612 1338 et·
632 1297 827 1337 familiam
848 1297 1084 1343 devehendi,
1114 1297 1225 1348 quod
1245 1297 1280 1336 ei
1302 1297 1418 1336 facile
1439 1311 1597 1338 conces-

249 1377 337 1402 sum
358 1368 428 1408 est,
450 1363 625 1413 dataque
647 1360 819 1412 pecunia
839 1373 920 1398 non
947 1358 1078 1397 solum
1106 1359 1156 1397 ad
1185 1359 1262 1398 iter
1288 1360 1595 1406 conficiendum,

249 1426 319 1464 sed
339 1425 461 1463 etiam
482 1424 533 1462 ad
555 1423 746 1462 emendos
765 1422 898 1467 libros,
919 1421 1067 1473 quibus
1088 1435 1128 1460 se
1149 1435 1264 1473 egere
1293 1422 1517 1460 affirmabat
1545 1423 1597 1462 ad

248 1487 547 1526 contexendum
578 1499 678 1537 opus
708 1485 758 1523 de
791 1484 958 1522 Etruria
985 1483 1138 1535 Regali,
1168 1484 1289 1535 quod,
1324 1484 1409 1535 ipso
1441 1483 1594 1535 Magno

247 1550 363 1588 Duce
383 1554 557 1594 auctore,
578 1552 816 1598 susceperat.
876 1546 1017 1584 Rediit
1036 1546 1078 1584 in
1099 1546 1307 1584 Etruriam
1329 1546 1380 1584 ad
1399 1546 1595 1584 constitu-

247 1617 336 1650 tum
357 1617 527 1662 tempus,
548 1615 589 1648 et
608 1615 697 1647 tum
718 1608 827 1646 illius
848 1608 1096 1660 stipendium
1117 1614 1282 1647 auctum
1302 1608 1383 1646 fuit
1412 1608 1462 1646 ad
1484 1621 1592 1647 cccc.

247 1687 375 1725 usque
395 1678 609 1711 centusses.
667 1672 768 1709 Sane
797 1670 901 1708 nihil
928 1684 1009 1708 non
1040 1684 1197 1721 sperare
1223 1675 1384 1722 poterat
1408 1684 1430 1708 a
1450 1670 1593 1721 Magni

247 1735 374 1774 Ducis
396 1734 650 1779 liberalitate,
671 1733 741 1771 sed
762 1733 812 1771 ob
833 1733 1146 1771 inconstantiam
1168 1732 1385 1784 quamdam
1412 1737 1592 1778 naturae,

246 1803 286 1836 et
307 1799 357 1836 ob
384 1796 539 1835 illatam
566 1810 588 1834 a
616 1794 822 1846 discipulis
849 1794 934 1839 sibi,
964 1795 1163 1846 uxorique
1190 1794 1337 1832 eximia
1365 1793 1593 1845 pulchritu-

246 1859 340 1897 dine
361 1859 552 1911 injuriam
581 1858 701 1905 (nam,
728 1870 819 1895 cum
846 1857 1054 1908 gymnasio
1080 1857 1247 1895 domum
1276 1855 1436 1902 rediret,
1460 1870 1591 1896 arcam

245 1928 402 1974 captam
433 1935 478 1960 ac
512 1920 724 1959 mulierem
756 1919 805 1957 ab
837 1932 877 1957 se
907 1919 1122 1957 abductam
1149 1918 1313 1969 reperit)
1345 1918 1590 1957 academiam

244 1984 431 2022 Pisanam
452 1982 631 2021 deseruit
652 1988 732 2019 tres
751 1986 842 2033 post
861 1994 986 2019 annos
1007 1993 1129 2032 quam
1150 1980 1191 2018 in
1213 1994 1258 2018 ea
1280 1980 1503 2018 Pandectas
1524 1994 1590 2019 ex-

243 2045 470 2097 plicaverat,
491 2050 532 2083 et
552 2045 603 2082 ad
623 2043 921 2082 Bononiensem
943 2043 1130 2094 migravit
1149 2042 1407 2080 humaniores
1433 2041 1589 2081 litteras

244 2108 284 2145 in
307 2107 376 2145 illa
396 2107 633 2145 traditurus
691 2106 923 2156 Antequam
946 2103 1047 2142 Pisis
1067 2103 1300 2149 discederet,
1328 2103 1473 2141 Cosmo
1501 2116 1590 2141 mu-

243 2183 320 2208 nus
340 2169 450 2207 misit
470 2168 560 2207 libri
583 2168 633 2206 de
662 2167 828 2205 Etruria
856 2164 1010 2217 Regali,
1037 2170 1078 2203 et
1105 2165 1253 2203 mirum
1280 2178 1375 2203 sane
1401 2165 1588 2203 omnibus

242 2232 368 2270 videri
389 2232 510 2269 debet
531 2231 663 2282 ipsum
683 2229 794 2267 brevi
816 2229 915 2267 adeo
936 2233 1116 2279 tempore
1137 2233 1298 2265 tantum
1323 2241 1433 2279 opus,
1450 2240 1590 2278 quam-

242 2294 299 2332 vis
328 2294 370 2332 in
397 2293 467 2332 illo
494 2291 625 2332 multa
656 2292 737 2331 sint
767 2290 1011 2343 imperfecta,
1038 2289 1235 2329 conficere
1265 2289 1453 2341 potuisse.
1511 2287 1587 2326 Sed
