1861 2682
247 265 288 295 38
619 263 846 295 HISTORIA
869 262 1233 295 ECCLESIASTICA

249 357 343 401 giam
377 355 520 389 Parisiis
554 355 716 388 secularis
745 355 860 388 fuerat
893 354 1079 397 professus,
1115 359 1150 388 et
1182 365 1225 387 ex
1259 353 1418 386 Romana
1451 355 1601 398 peregri-

250 413 388 446 natione
413 411 620 445 monachum
645 411 772 444 ibidem
798 411 862 444 loci
881 411 1051 444 induerat.
1102 409 1249 452 Scripsit
1266 409 1387 447 multa,
1407 408 1466 441 sed
1483 414 1602 442 extant

250 473 398 508 tantum,
416 468 508 511 quod
527 468 643 507 sciam,

391 524 599 562 Quodlibeta
618 523 860 566 Philosophica
1064 521 1122 555 lib.
1143 530 1168 554 Ι.

390 579 704 612 Determinationes
724 579 952 623 Theologicae
1062 577 1121 610 lib.
1142 586 1168 610 Ι.
1198 576 1394 610 Chronicon
1422 576 1503 610 dicti
1530 587 1600 609 mo-

439 635 593 673 nasterii,
611 639 646 667 et
663 639 739 667 acta
757 634 949 667 academiae
968 633 1184 666 Parisiensis.

297 690 454 724 Praefuit
471 691 570 723 annis
589 698 676 722 VIII.
728 690 826 722 Obiit
843 700 934 722 anno
953 697 1153 722 MCCCCLV.

743 800 777 832 S.
805 799 995 834 AGLIUS.
1048 803 1104 838 57.

247 914 280 946 S.
300 913 467 952 AGLIUS,
487 918 506 932 ‘⁴
525 914 580 946 vir
597 913 633 946 in
648 913 838 956 disciplinis
852 912 1070 957 regularibus
1084 912 1239 956 apprime
1253 912 1440 951 eruditus,”
1454 912 1503 945 ait
1518 912 1601 945 Fre-

245 971 391 1014 degosus
409 969 446 1002 in
464 968 549 1002 Vita
566 968 600 1001 S.
616 968 788 1007 Audoeni,
807 979 880 1012 cap.
895 977 966 1000 vn.
981 978 1058 1000 cum
1074 967 1107 1000 S.
1123 968 1337 1001 Columbano
1355 966 1457 1000 Scoto
1474 978 1517 1000 ex
1536 967 1601 1000 Hi-

244 1026 363 1058 bernia
380 1025 416 1057 in
434 1024 563 1057 Gallias
582 1025 769 1063 descendit,
788 1024 976 1067 discipulus
1000 1024 1153 1067 ejusdem
1179 1028 1214 1056 et
1237 1023 1333 1062 civis,
1359 1027 1393 1055 et
1417 1023 1460 1055 ab
1482 1023 1599 1055 eodem

244 1080 424 1118 Audoeno,
450 1079 725 1123 Rhotomagensi
751 1079 918 1118 antistite,
945 1079 1073 1112 accitus
1091 1079 1135 1111 ad.
1152 1079 1234 1112 novi
1252 1079 1451 1112 monasterii
1470 1078 1600 1111 Rasba-

243 1136 363 1175 censis,
381 1136 474 1179 quod
491 1135 564 1178 ipse
582 1135 830 1173 aedificaverat,
849 1145 978 1173 curam,
997 1135 1131 1178 primus
1149 1134 1254 1168 abbas
1272 1135 1348 1172 loci,
1366 1145 1492 1178 magna
1505 1145 1600 1167 sanc-

242 1193 342 1224 titate
371 1196 405 1223 et
435 1192 646 1224 continentia
677 1190 868 1223 monastica
897 1195 979 1223 vota
1009 1191 1172 1228 exercuit,
1209 1190 1342 1232 primus
1371 1200 1389 1222 e
1419 1190 1598 1223 duodecim

243 1247 429 1290 discipulis,
456 1247 515 1289 qui
542 1257 562 1279 a
587 1246 754 1290 magistro
779 1246 826 1278 sit
851 1246 1019 1284 divulsus,
1038 1246 1228 1278 maximum
1252 1246 1344 1278 inter
1366 1245 1598 1278 sanctissimos

241 1305 316 1336 illos
335 1304 428 1336 viros
446 1303 572 1335 amoris
591 1308 846 1346 argumentum,
864 1301 924 1343 qui
943 1302 1089 1334 alterum
1107 1302 1327 1344 relinqueret,
1346 1301 1445 1333 alteri
1460 1312 1598 1344 operam

242 1363 444 1397 navaturus,
471 1363 505 1391 et
522 1358 626 1391 simul
644 1363 831 1400 utrumque
848 1356 973 1389 animis
991 1356 1157 1399 firmaque
1175 1357 1340 1390 memoria
1363 1357 1596 1401 conjungeret.

243 1414 388 1457 Scripsit

386 1470 439 1502 De
457 1469 661 1502 Sanctorum
680 1467 791 1501 Feriis
1059 1467 1118 1501 lib.
1140 1478 1163 1501 1.

387 1525 439 1558 De
457 1524 677 1557 Poenitentia
1059 1524 1118 1557 lib.
1138 1533 1162 1556 1.

387 1580 630 1613 Euchiridium
648 1579 841 1613 Claustrale
1059 1580 1118 1613 lib.
1139 1589 1162 1612 1.

284 1637 418 1670 Claruit
447 1635 620 1669 confessor
648 1646 738 1668 anno
769 1644 924 1668 DXLVII.
957 1636 1011 1668 vel
1040 1644 1190 1669 DCLxx.
1227 1635 1361 1669 Colitur
1394 1636 1449 1669 die
1478 1645 1593 1669 XXIX.

236 1693 401 1737 Augusti,
427 1697 467 1724 ut
493 1693 569 1724 vult
595 1690 811 1724 Trithemius
838 1691 898 1724 lib.
927 1700 985 1724 111.
1011 1691 1087 1725 Vir.
1106 1693 1233 1725 illustr.
1255 1702 1327 1734 cap.
1348 1701 1444 1725 XCII.
1463 1693 1517 1725 vel
1535 1693 1590 1725 die

242 1757 341 1781 xxx.
369 1748 533 1792 ejusdem,
559 1747 676 1780 Uvion
701 1747 760 1780 lib.
788 1755 846 1779 111.
873 1757 952 1792 pag.
973 1756 1177 1781 ccxxcvn.
1204 1753 1265 1781 aut
1289 1748 1436 1791 denique
1463 1756 1487 1781 1.
1514 1748 1594 1791 Sep-

242 1805 344 1837 temb.
373 1809 413 1837 ut
433 1805 544 1847 placet
570 1803 772 1846 Maurolyco
799 1808 833 1836 et
857 1802 975 1836 Felici.
1023 1803 1168 1848 Agilum
1192 1808 1292 1836 vocat
1316 1803 1444 1842 Uvion,
1468 1808 1502 1837 et
1525 1814 1594 1837 non

240 1862 313 1893 sine
338 1864 420 1893 nota
446 1859 481 1892 S.
507 1858 664 1892 Eustasii
689 1859 897 1902 discipulum
924 1859 1017 1898 facit,
1035 1870 1112 1892 cum
1133 1859 1217 1892 Vita
1234 1858 1268 1892 S.
1288 1859 1449 1892 Audoeni
1467 1860 1593 1903 scripta

240 1927 300 1958 per
318 1916 564 1960 Fredegosum,
583 1914 715 1947 fidelem
734 1916 923 1953 notarium,
937 1914 971 1947 S.
991 1914 1206 1947 Columbano
1219 1915 1393 1948 divulsum
1409 1920 1592 1958 antequam

241 1971 438 2004 Luxovium
457 1971 662 2014 perveniret,
681 1975 839 2003 testetur.
868 1969 1091 2013 Maurolycus
1109 1981 1190 2002 vero
1208 1970 1272 2002 sub
1293 1970 1466 2003 Clodoneo
1484 1970 1593 2003 Fran-

240 2037 357 2059 corum
375 2037 454 2070 rege
472 2026 580 2068 ponit,
599 2037 686 2068 quae
709 2030 802 2058 aetas
832 2025 867 2057 in
891 2024 925 2057 S.
950 2025 1201 2058 Columbanum
1225 2025 1382 2069 quadrat,
1406 2026 1442 2058 in
1466 2024 1592 2058 Eusta-

239 2083 327 2114 sium
347 2083 529 2115 convenire
547 2082 677 2124 nequit.

589 2175 794 2209 AENEAS
821 2175 1027 2209 SYLVIUS
1053 2175 1123 2209 ΡΡ.
1176 2179 1232 2209 58.

237 2249 406 2282 AENEAS
436 2247 586 2292 Sylvius,
616 2248 687 2281 etsi·
716 2247 859 2281 Italicae
893 2248 1048 2292 originis,
1084 2253 1186 2281 natus
1221 2248 1403 2281 Corsiliani
1437 2248 1473 2280 in
1507 2259 1590 2292 agro

236 2306 377 2338 Senensi
429 2315 470 2338 ex
516 2304 707 2338 clarissima
758 2308 863 2349 gente
915 2304 1156 2340 Picolominea,
1206 2304 1362 2346 pontifex
1411 2303 1589 2337 Romanus
