1861 2682
592 246 764 278 GENTIS
788 243 1059 281 SCOTORUM,
1085 244 1173 275 LIB.
1198 243 1273 274 VII.
1554 244 1618 275 319

401 339 578 383 Epistolas
597 341 640 373 ad
657 340 743 372 alios
762 338 951 372 Britannos
1221 335 1279 369 lib.
1299 344 1324 368 1.

305 396 440 429 Claruit
452 396 507 428 hic
521 407 581 428 rex
594 406 684 428 anno
700 403 838 428 XXCIV.
871 393 985 432 Quam
1000 404 1105 426 verax
1119 394 1165 426 sit
1182 393 1352 431 Pitsaeus‚
1367 392 1437 425 Dio
1450 391 1616 435 loquitur,

256 459 288 486 et
308 463 349 484 ex
367 463 407 484 eo
425 451 629 494 Xiphilinus
654 462 732 495 pag.
752 458 910 483 CDxxn.
938 454 958 468 ‘⁶
978 448 1096 493 Hujus
1123 450 1256 482 insulae
1283 449 1488 482 Britanniae
1514 448 1618 491 paulo

255 509 370 541 minus
385 518 490 550 quam
504 507 648 539 dimidia
666 512 785 539 nostra
802 511 864 543 est,
882 516 987 548 quam
1006 504 1154 537 Severus
1172 516 1251 537 cum
1270 506 1373 537 vellet
1387 505 1424 537 in
1442 515 1540 537 suam
1559 513 1619 546 po-

255 568 415 597 testatem
434 563 600 607 redigere,
619 563 796 607 ingressus
811 566 862 594 est
876 562 912 594 in
927 560 1183 593 Caledoniam.’'
1220 560 1288 599 En,
1304 560 1452 599 Pitsaee,
1466 560 1527 592 diu
1540 564 1619 602 post

255 619 496 652 Domitianum
514 618 566 652 tui
585 618 748 651 Britanni
767 617 936 651 Romanis
953 616 1131 660 parebant,
1151 617 1264 661 major
1280 616 1414 649 insulae
1427 626 1507 659 pars
1522 614 1619 648 Cale-

255 675 367 708 doniis
385 675 535 718 patebat,
555 679 588 707 et
613 684 669 706 eos
692 673 963 716 aspernabatur:
989 673 1059 705 imo
1085 672 1129 705 ad
1155 673 1217 705 hos
1244 672 1341 705 missi
1366 671 1558 705 Bassianus
1585 677 1619 704 et

255 731 344 764 Geta
360 731 497 769 fratres,
516 730 674 763 Caesaris
692 729 764 767 filii,
783 734 822 762 ut
840 740 918 762 cum
936 729 1065 762 nostris
1083 728 1204 762 foedus
1222 728 1377 761 ferirent.
1423 727 1569 767 Ibidem,
1585 733 1618 760 et

257 787 477 820 Herodianus
495 786 554 819 lib.
575 794 633 818 111.
652 787 689 819 in
706 785 784 818 fine.
834 785 930 818 Haec
947 784 1103 824 refellite,
1122 786 1150 818 si
1169 785 1326 828 potestis,
1346 783 1467 829 Angli.

591 897 840 931 NICOLAUS
866 896 1145 931 GORDONUS.
1198 899 1279 934 593.

257 1012 290 1044 N
295 1020 464 1045 ICOLAUs
483 1010 680 1049 Gordonus,
698 1011 753 1043 vir
770 1010 994 1049 clarissimus,
1021 1014 1132 1044 aetate
1159 1010 1278 1043 adulta
1301 1010 1621 1043 Praemonstraten-

256 1079 327 1101 sem
346 1068 505 1101 habitum
524 1067 672 1110 sumpsit
692 1067 728 1099 in
741 1067 952 1100 monasterio
967 1064 1120 1106 Saulset,
1139 1077 1200 1099 seu
1218 1066 1305 1099 Sede
1322 1065 1534 1099 Animarum
1550 1076 1559 1105 3
1588 1071 1621 1098 et

256 1135 335 1158 cum
363 1125 400 1156 in
429 1124 620 1157 monastica
648 1124 778 1156 virtute
809 1123 960 1156 multum
994 1123 1205 1166 profecisset,
1243 1122 1347 1156 abbas
1378 1121 1622 1166 Tunglandiae

257 1186 404 1219 creatus,
422 1184 539 1213 sancte
557 1184 591 1212 et
609 1179 664 1222 pie
682 1178 855 1222 praefuit3
881 1179 940 1212 sed
958 1178 1132 1212 Gulielmo
1150 1178 1227 1212 Bell
1246 1179 1289 1211 ad
1307 1179 1483 1211 ecclesiam
1498 1177 1533 1211 S.
1548 1177 1623 1210 An-

257 1237 358 1269 dreae
375 1241 566 1279 assumpto,
585 1236 645 1278 qui
663 1236 812 1268 decanus
834 1234 1093 1268 Dunkeldensis
1116 1234 1241 1274 fuerat,
1268 1235 1325 1268 hic
1347 1239 1464 1267 noster
1487 1245 1623 1267 monas-

257 1293 344 1326 terio
362 1303 425 1325 suo
443 1296 630 1330 extractus
650 1291 799 1324 vicarius
818 1292 968 1334 episcopi
986 1291 1245 1324 Dunkeldensis
1268 1290 1392 1329 factus,
1417 1290 1454 1323 in
1477 1301 1518 1323 ea
1541 1301 1623 1323 cura

258 1349 354 1382 obiit.
407 1348 584 1381 Maximus
604 1358 686 1380 vero
709 1348 866 1380 omnium
892 1358 1000 1391 paene
1026 1348 1225 1390 praesulum
1251 1351 1442 1381 conventus
1468 1346 1625 1380 Dunkel-

258 1407 324 1438 den
343 1404 493 1442 habitus,
512 1408 654 1446 totoque
672 1414 779 1448 regno
797 1404 907 1437 clerus
926 1403 1066 1436 ascitus.
1119 1402 1189 1436 Hic
1208 1403 1347 1446 scripsit

404 1460 592 1504 Synodalia
609 1461 746 1493 decreta
1129 1458 1189 1492 lib.
1210 1468 1235 1492 1.

405 1517 651 1550 Collectionem
669 1515 971 1549 Constitutionum
1134 1515 1194 1548 lib.
1214 1524 1239 1548 Ι.

310 1574 470 1607 Vicarius
489 1577 563 1606 erat
581 1583 673 1605 anno
693 1580 948 1605 MCCCXXXIV.
967 1572 1008 1605 de
1027 1572 1124 1606 obitu
1142 1571 1315 1616 ignotum.

619 1683 857 1718 DONATUS
883 1682 1129 1717 GRANTUS.
1182 1686 1263 1720 594.

263 1805 282 1818 ‘⁶
310 1799 504 1832 DONATUS
534 1797 690 1830 Grantus
718 1796 979 1835 Bethleemita‚”
1009 1796 1125 1839 inquit
1150 1794 1266 1828 Adam
1294 1795 1507 1828 lVodesham
1533 1797 1626 1839 apud

261 1856 433 1893 Brunum‚
452 1858 473 1873 “
491 1854 528 1887 in
546 1852 662 1886 Scotia
679 1857 770 1886 recte
788 1852 906 1891 sensit,
927 1853 982 1885 vir
999 1852 1084 1885 bene
1103 1858 1261 1885 sensatus
1285 1852 1321 1884 in
1347 1862 1384 1885 re
1410 1852 1626 1885 doctrinali.”

262 1911 345 1944 Fuit
375 1911 431 1943 hic
461 1910 605 1943 eremita
635 1909 766 1943 ordinis
796 1908 831 1942 S.
864 1908 1073 1952 Hieronymi
1103 1908 1147 1941 ad
1176 1907 1298 1941 fanum
1328 1908 1363 1941 S.
1393 1908 1559 1941 Germani
1589 1911 1626 1942 in

262 1967 377 2000 Scotia
394 1966 593 2010 professus;
618 1971 652 1999 et
673 1966 723 1998 illi
745 1970 860 2008 patres
886 1965 980 2008 apud
1004 1969 1176 1998 nostrates
1202 1964 1453 1998 Bethleemitae
1480 1965 1628 1999 audiunt

261 2024 304 2057 ab
322 2034 362 2056 ea
379 2023 474 2062 urbe,
494 2033 600 2066 quam
617 2022 762 2055 humani
780 2022 916 2066 generis
934 2025 1086 2054 assertor
1102 2026 1183 2054 ortu
1204 2032 1267 2054 suo
1293 2021 1476 2064 temporali
1502 2023 1630 2055 sancti-

261 2079 389 2117 ficavit,
415 2085 450 2112 et
474 2084 595 2121 postea
613 2077 647 2111 S.
669 2078 917 2121 Hieronymus,
936 2077 1096 2110 ecclesiae
1113 2077 1244 2116 doctor,
1262 2077 1418 2110 incoluit.
1474 2077 1532 2110 Ad
1550 2089 1627 2112 eum

262 2136 332 2168 illic
361 2135 578 2168 sanctissime
609 2139 770 2179 agentem
799 2133 974 2166 maximus
1004 2138 1078 2167 toto
1114 2133 1196 2167 orbe
1225 2144 1411 2167 concursus
1446 2135 1629 2167 monacho-

263 2203 351 2230 rum,
376 2196 416 2225 ut
440 2192 513 2234 ipse
535 2191 711 2234 prooemio
739 2190 781 2223 ad
805 2190 865 2223 lib.
893 2198 964 2222 VII.
990 2190 1028 2222 in
1054 2189 1284 2230 Ezechielem,
1312 2194 1348 2223 et
1372 2190 1415 2223 ad
1443 2190 1630 2223 Paulinum

263 2248 362 2291 epist.
387 2255 477 2280 XIII.
504 2247 632 2280 diserte
657 2246 798 2285 scribit;
826 2250 861 2279 et
886 2246 928 2278 de
953 2245 1065 2280 Scotis
1090 2247 1219 2280 nostris
1246 2246 1337 2279 idem
1368 2247 1467 2290 epist.
1497 2254 1562 2279 XV.
1588 2247 1630 2279 ad

911 2304 931 2334 2
950 2309 976 2333 1:
