<?xml version="1.0" encoding="UTF-8"?>
<!DOCTYPE html PUBLIC "-//W3C//DTD XHTML 1.0 Transitional//EN"
    "http://www.w3.org/TR/xhtml1/DTD/xhtml1-transitional.dtd">
<html xmlns="http://www.w3.org/1999/xhtml" xml:lang="en" lang="en">
 <head>
  <title>
</title>
<meta http-equiv="Content-Type" content="text/html;charset=utf-8" />
  <meta name='ocr-system' content='tesseract 3.04.00' />
  <meta name='ocr-capabilities' content='ocr_page ocr_carea ocr_par ocr_line ocrx_word'/>
</head>
<body>
  <div class='ocr_page' id='page_1' title='image "./thomaedempsterih00bann_0214.png"; bbox 0 0 1861 2682; ppageno 0'>
   <div class='ocr_carea' id='block_1_1' title="bbox 300 301 1281 334">
    <p class='ocr_par' dir='ltr' id='par_1_1' title="bbox 300 301 1281 334">
     <span class='ocr_line' id='line_1_1' title="bbox 300 301 1281 334; baseline 0.003 -4"><span class='ocrx_word' id='word_1_1' title='bbox 300 301 361 331; x_wconf 75' lang='lat'>144</span> <span class='ocrx_word' id='word_1_2' title='bbox 670 303 895 334; x_wconf 89' lang='lat' dir='ltr'>HISTORIA</span> <span class='ocrx_word' id='word_1_3' title='bbox 919 302 1281 334; x_wconf 88' lang='lat' dir='ltr'>ECCLESIASTICA</span> 
     </span>
    </p>
   </div>
   <div class='ocr_carea' id='block_1_2' title="bbox 298 392 1654 769">
    <p class='ocr_par' dir='ltr' id='par_1_2' title="bbox 298 392 1654 769">
     <span class='ocr_line' id='line_1_2' title="bbox 300 392 1652 435; baseline 0.001 -11"><span class='ocrx_word' id='word_1_4' title='bbox 300 394 430 426; x_wconf 89' lang='lat' dir='ltr'>lentum</span> <span class='ocrx_word' id='word_1_5' title='bbox 449 393 649 426; x_wconf 89' lang='lat' dir='ltr'>coenobium</span> <span class='ocrx_word' id='word_1_6' title='bbox 667 394 758 425; x_wconf 91' lang='lat' dir='ltr'>inter</span> <span class='ocrx_word' id='word_1_7' title='bbox 774 392 882 435; x_wconf 84' lang='lat' dir='ltr'><strong>Alpes</strong></span> <span class='ocrx_word' id='word_1_8' title='bbox 900 392 1036 425; x_wconf 85' lang='lat' dir='ltr'>Coctias</span> <span class='ocrx_word' id='word_1_9' title='bbox 1054 393 1238 430; x_wconf 80' lang='lat' dir='ltr'>exstruxit,</span> <span class='ocrx_word' id='word_1_10' title='bbox 1257 393 1348 435; x_wconf 87' lang='lat' dir='ltr'>quod</span> <span class='ocrx_word' id='word_1_11' title='bbox 1367 396 1485 434; x_wconf 86' lang='lat' dir='ltr'>postea</span> <span class='ocrx_word' id='word_1_12' title='bbox 1507 393 1542 424; x_wconf 91' lang='lat' dir='ltr'>in</span> <span class='ocrx_word' id='word_1_13' title='bbox 1570 394 1652 425; x_wconf 87' lang='lat' dir='ltr'>civi-</span> 
     </span>
     <span class='ocr_line' id='line_1_3' title="bbox 299 446 1651 486; baseline 0 -6"><span class='ocrx_word' id='word_1_14' title='bbox 299 453 406 481; x_wconf 87' lang='lat' dir='ltr'>tatem</span> <span class='ocrx_word' id='word_1_15' title='bbox 434 449 643 486; x_wconf 87' lang='lat' dir='ltr'>traductum,</span> <span class='ocrx_word' id='word_1_16' title='bbox 675 448 777 480; x_wconf 93' lang='lat' dir='ltr'>Bobii</span> <span class='ocrx_word' id='word_1_17' title='bbox 805 447 928 480; x_wconf 88' lang='lat' dir='ltr'>habuit</span> <span class='ocrx_word' id='word_1_18' title='bbox 954 447 1110 480; x_wconf 89' lang='lat' dir='ltr'>nomen.”</span> <span class='ocrx_word' id='word_1_19' title='bbox 1170 446 1304 479; x_wconf 84' lang='lat' dir='ltr'>Eadem</span> <span class='ocrx_word' id='word_1_20' title='bbox 1333 447 1491 479; x_wconf 85' lang='lat' dir='ltr'><strong>Leander</strong></span> <span class='ocrx_word' id='word_1_21' title='bbox 1515 447 1651 480; x_wconf 90' lang='lat' dir='ltr'>Albert.</span> 
     </span>
     <span class='ocr_line' id='line_1_4' title="bbox 301 502 1653 547; baseline 0 -12"><span class='ocrx_word' id='word_1_22' title='bbox 301 503 387 536; x_wconf 87' lang='lat' dir='ltr'>falso</span> <span class='ocrx_word' id='word_1_23' title='bbox 411 504 564 546; x_wconf 89' lang='lat' dir='ltr'><strong>prodidit</strong></span> <span class='ocrx_word' id='word_1_24' title='bbox 588 504 625 535; x_wconf 91' lang='lat' dir='ltr'>in</span> <span class='ocrx_word' id='word_1_25' title='bbox 641 503 884 546; x_wconf 85' lang='lat' dir='ltr'>Descriptione</span> <span class='ocrx_word' id='word_1_26' title='bbox 907 502 1072 547; x_wconf 84' lang='lat' dir='ltr'>Liguriae</span> <span class='ocrx_word' id='word_1_27' title='bbox 1094 513 1173 546; x_wconf 87' lang='lat' dir='ltr'>pag.</span> <span class='ocrx_word' id='word_1_28' title='bbox 1193 510 1412 534; x_wconf 86' lang='lat' dir='ltr'>CCCLXVIII.</span> <span class='ocrx_word' id='word_1_29' title='bbox 1456 502 1595 535; x_wconf 84' lang='lat' dir='ltr'>Platina</span> <span class='ocrx_word' id='word_1_30' title='bbox 1616 504 1653 535; x_wconf 89' lang='lat' dir='ltr'>in</span> 
     </span>
     <span class='ocr_line' id='line_1_5' title="bbox 300 557 1651 601; baseline -0.001 -10"><span class='ocrx_word' id='word_1_31' title='bbox 300 559 480 592; x_wconf 85' lang='lat' dir='ltr'>Bonifacio</span> <span class='ocrx_word' id='word_1_32' title='bbox 499 558 561 591; x_wconf 93' lang='lat' dir='ltr'>IV.</span> <span class='ocrx_word' id='word_1_33' title='bbox 590 563 610 577; x_wconf 76' lang='lat'>‘⁶</span> <span class='ocrx_word' id='word_1_34' title='bbox 628 558 864 591; x_wconf 87' lang='lat' dir='ltr'>Columbanus</span> <span class='ocrx_word' id='word_1_35' title='bbox 882 558 997 596; x_wconf 87' lang='lat' dir='ltr'>abbas,</span> <span class='ocrx_word' id='word_1_36' title='bbox 1016 558 1071 590; x_wconf 84' lang='lat' dir='ltr'>vir</span> <span class='ocrx_word' id='word_1_37' title='bbox 1088 557 1336 596; x_wconf 84' lang='lat' dir='ltr'>sanctissimus,</span> <span class='ocrx_word' id='word_1_38' title='bbox 1354 568 1478 601; x_wconf 84' lang='lat' dir='ltr'>genere</span> <span class='ocrx_word' id='word_1_39' title='bbox 1503 557 1651 596; x_wconf 85' lang='lat' dir='ltr'>Gothus,</span> 
     </span>
     <span class='ocr_line' id='line_1_6' title="bbox 300 612 1654 658; baseline -0.001 -11"><span class='ocrx_word' id='word_1_40' title='bbox 300 620 340 647; x_wconf 88' lang='lat' dir='ltr'>ut</span> <span class='ocrx_word' id='word_1_41' title='bbox 358 615 499 658; x_wconf 84' lang='lat' dir='ltr'>quidam</span> <span class='ocrx_word' id='word_1_42' title='bbox 518 614 700 652; x_wconf 85' lang='lat' dir='ltr'>affirmant,</span> <span class='ocrx_word' id='word_1_43' title='bbox 720 625 761 646; x_wconf 84' lang='lat' dir='ltr'>ex</span> <span class='ocrx_word' id='word_1_44' title='bbox 780 613 893 646; x_wconf 84' lang='lat' dir='ltr'>Scotia</span> <span class='ocrx_word' id='word_1_45' title='bbox 917 614 954 646; x_wconf 88' lang='lat' dir='ltr'>in</span> <span class='ocrx_word' id='word_1_46' title='bbox 979 613 1222 657; x_wconf 85' lang='lat' dir='ltr'>Burgundiam</span> <span class='ocrx_word' id='word_1_47' title='bbox 1249 613 1361 655; x_wconf 88' lang='lat' dir='ltr'>primo</span> <span class='ocrx_word' id='word_1_48' title='bbox 1383 613 1523 645; x_wconf 86' lang='lat' dir='ltr'>veniens</span> <span class='ocrx_word' id='word_1_49' title='bbox 1549 612 1654 645; x_wconf 83' lang='lat' dir='ltr'>Lixo-</span> 
     </span>
     <span class='ocr_line' id='line_1_7' title="bbox 298 667 1652 712; baseline -0.001 -10"><span class='ocrx_word' id='word_1_50' title='bbox 298 671 414 702; x_wconf 84' lang='lat' dir='ltr'>viense</span> <span class='ocrx_word' id='word_1_51' title='bbox 432 670 679 702; x_wconf 88' lang='lat' dir='ltr'>monasterium</span> <span class='ocrx_word' id='word_1_52' title='bbox 697 670 880 707; x_wconf 79' lang='lat' dir='ltr'>exstruxit,</span> <span class='ocrx_word' id='word_1_53' title='bbox 904 669 1027 701; x_wconf 88' lang='lat' dir='ltr'>deinde</span> <span class='ocrx_word' id='word_1_54' title='bbox 1045 669 1080 700; x_wconf 92' lang='lat' dir='ltr'>in</span> <span class='ocrx_word' id='word_1_55' title='bbox 1099 667 1237 701; x_wconf 87' lang='lat' dir='ltr'>Italiam</span> <span class='ocrx_word' id='word_1_56' title='bbox 1254 669 1431 712; x_wconf 86' lang='lat' dir='ltr'>pergens,&#39;’</span> <span class='ocrx_word' id='word_1_57' title='bbox 1450 667 1513 701; x_wconf 87' lang='lat' dir='ltr'>&amp;c.</span> <span class='ocrx_word' id='word_1_58' title='bbox 1569 669 1652 701; x_wconf 85' lang='lat' dir='ltr'>Cor-</span> 
     </span>
     <span class='ocr_line' id='line_1_8' title="bbox 298 722 1653 769; baseline -0.001 -12"><span class='ocrx_word' id='word_1_59' title='bbox 298 726 380 769; x_wconf 83' lang='lat' dir='ltr'>rige,</span> <span class='ocrx_word' id='word_1_60' title='bbox 408 730 427 743; x_wconf 92' lang='lat'><strong><em>“</em></strong></span> <span class='ocrx_word' id='word_1_61' title='bbox 446 723 672 757; x_wconf 72' lang='lat' dir='ltr'>Luxoviense</span> <span class='ocrx_word' id='word_1_62' title='bbox 689 724 938 756; x_wconf 88' lang='lat' dir='ltr'>monasterium</span> <span class='ocrx_word' id='word_1_63' title='bbox 957 724 1161 756; x_wconf 86' lang='lat' dir='ltr'>exstruxit.&#39;’</span> <span class='ocrx_word' id='word_1_64' title='bbox 1211 722 1253 755; x_wconf 91' lang='lat' dir='ltr'>In</span> <span class='ocrx_word' id='word_1_65' title='bbox 1279 723 1433 756; x_wconf 84' lang='lat' dir='ltr'>Concilio</span> <span class='ocrx_word' id='word_1_66' title='bbox 1457 724 1653 757; x_wconf 87' lang='lat' dir='ltr'>Aureliani-</span> 
     </span>
    </p>
   </div>
   <div class='ocr_carea' id='block_1_3' title="bbox 298 778 1693 813">
    <p class='ocr_par' dir='ltr' id='par_1_3' title="bbox 298 778 1693 813">
     <span class='ocr_line' id='line_1_9' title="bbox 298 778 1693 813; baseline 0 -1"><span class='ocrx_word' id='word_1_67' title='bbox 298 782 369 813; x_wconf 88' lang='lat' dir='ltr'>ensi</span> <span class='ocrx_word' id='word_1_68' title='bbox 390 789 425 812; x_wconf 84' lang='lat' dir='ltr'>V.</span> <span class='ocrx_word' id='word_1_69' title='bbox 448 780 531 812; x_wconf 80' lang='lat' dir='ltr'>haec</span> <span class='ocrx_word' id='word_1_70' title='bbox 548 780 689 811; x_wconf 89' lang='lat' dir='ltr'>nomina</span> <span class='ocrx_word' id='word_1_71' title='bbox 706 779 849 811; x_wconf 85' lang='lat' dir='ltr'>confusa</span> <span class='ocrx_word' id='word_1_72' title='bbox 862 790 952 811; x_wconf 86' lang='lat' dir='ltr'>anno</span> <span class='ocrx_word' id='word_1_73' title='bbox 965 787 1106 811; x_wconf 87' lang='lat' dir='ltr'>DXLIX.</span> <span class='ocrx_word' id='word_1_74' title='bbox 1147 778 1200 811; x_wconf 92' lang='lat' dir='ltr'>Ibi</span> <span class='ocrx_word' id='word_1_75' title='bbox 1214 780 1305 811; x_wconf 88' lang='lat' dir='ltr'>enim</span> <span class='ocrx_word' id='word_1_76' title='bbox 1324 783 1344 797; x_wconf 88' lang='lat'><strong>“</strong></span> <span class='ocrx_word' id='word_1_77' title='bbox 1363 778 1541 812; x_wconf 80' lang='lat' dir='ltr'>sabaudus</span> <span class='ocrx_word' id='word_1_78' title='bbox 1559 779 1654 812; x_wconf 83' lang='lat' dir='ltr'>Lux·</span> <span class='ocrx_word' id='word_1_79' title='bbox 1689 791 1693 792; x_wconf 50' lang='lat'><em>⁷</em></span> 
     </span>
    </p>
   </div>
   <div class='ocr_carea' id='block_1_4' title="bbox 294 832 1654 2377">
    <p class='ocr_par' dir='ltr' id='par_1_4' title="bbox 296 832 1654 1101">
     <span class='ocr_line' id='line_1_10' title="bbox 297 832 1653 878; baseline -0.001 -10"><span class='ocrx_word' id='word_1_80' title='bbox 297 836 444 868; x_wconf 86' lang='lat' dir='ltr'>oviensis</span> <span class='ocrx_word' id='word_1_81' title='bbox 468 835 676 877; x_wconf 85' lang='lat' dir='ltr'>episcopus‚’&#39;</span> <span class='ocrx_word' id='word_1_82' title='bbox 695 835 752 867; x_wconf 90' lang='lat' dir='ltr'>sed</span> <span class='ocrx_word' id='word_1_83' title='bbox 771 835 845 878; x_wconf 88' lang='lat' dir='ltr'>lege</span> <span class='ocrx_word' id='word_1_84' title='bbox 872 832 1101 867; x_wconf 73' lang='lat' dir='ltr'>Lexoviensis</span> <span class='ocrx_word' id='word_1_85' title='bbox 1118 834 1320 876; x_wconf 90' lang='lat' dir='ltr'>episcopus:</span> <span class='ocrx_word' id='word_1_86' title='bbox 1347 844 1427 866; x_wconf 85' lang='lat' dir='ltr'>nam</span> <span class='ocrx_word' id='word_1_87' title='bbox 1452 834 1653 867; x_wconf 89' lang='lat' dir='ltr'>Luxovium</span> 
     </span>
     <span class='ocr_line' id='line_1_11' title="bbox 296 889 1651 934; baseline -0.001 -11"><span class='ocrx_word' id='word_1_88' title='bbox 296 891 495 923; x_wconf 87' lang='lat' dir='ltr'>coenobium</span> <span class='ocrx_word' id='word_1_89' title='bbox 517 891 553 922; x_wconf 91' lang='lat' dir='ltr'>in</span> <span class='ocrx_word' id='word_1_90' title='bbox 580 890 797 934; x_wconf 83' lang='lat' dir='ltr'>Burgundia,</span> <span class='ocrx_word' id='word_1_91' title='bbox 824 890 1017 923; x_wconf 86' lang='lat' dir='ltr'>Lexovium</span> <span class='ocrx_word' id='word_1_92' title='bbox 1042 890 1136 922; x_wconf 86' lang='lat' dir='ltr'>sedes</span> <span class='ocrx_word' id='word_1_93' title='bbox 1163 890 1363 932; x_wconf 88' lang='lat' dir='ltr'>episcopalis</span> <span class='ocrx_word' id='word_1_94' title='bbox 1388 890 1424 922; x_wconf 89' lang='lat' dir='ltr'>in</span> <span class='ocrx_word' id='word_1_95' title='bbox 1450 889 1651 929; x_wconf 85' lang='lat' dir='ltr'>Normania,</span> 
     </span>
     <span class='ocr_line' id='line_1_12' title="bbox 297 944 1653 990; baseline 0 -13"><span class='ocrx_word' id='word_1_96' title='bbox 297 948 402 990; x_wconf 84' lang='lat' dir='ltr'>vulgo</span> <span class='ocrx_word' id='word_1_97' title='bbox 420 944 593 982; x_wconf 63' lang='lat' dir='ltr'>Lizieua²;</span> <span class='ocrx_word' id='word_1_98' title='bbox 611 950 644 978; x_wconf 84' lang='lat' dir='ltr'>et</span> <span class='ocrx_word' id='word_1_99' title='bbox 663 946 721 977; x_wconf 91' lang='lat' dir='ltr'>alii</span> <span class='ocrx_word' id='word_1_100' title='bbox 740 946 865 978; x_wconf 87' lang='lat' dir='ltr'>erroris</span> <span class='ocrx_word' id='word_1_101' title='bbox 892 956 1062 988; x_wconf 88' lang='lat' dir='ltr'>sequaces.</span> <span class='ocrx_word' id='word_1_102' title='bbox 1109 945 1322 978; x_wconf 88' lang='lat' dir='ltr'>Coenobium</span> <span class='ocrx_word' id='word_1_103' title='bbox 1339 945 1403 978; x_wconf 92' lang='lat' dir='ltr'>hoc</span> <span class='ocrx_word' id='word_1_104' title='bbox 1421 945 1586 978; x_wconf 86' lang='lat' dir='ltr'>Saxonice</span> <span class='ocrx_word' id='word_1_105' title='bbox 1604 946 1653 977; x_wconf 92' lang='lat' dir='ltr'>di-</span> 
     </span>
     <span class='ocr_line' id='line_1_13' title="bbox 297 1000 1654 1044; baseline -0.001 -10"><span class='ocrx_word' id='word_1_106' title='bbox 297 1002 438 1034; x_wconf 85' lang='lat' dir='ltr'>cebatur</span> <span class='ocrx_word' id='word_1_107' title='bbox 460 1002 543 1034; x_wconf 89' lang='lat' dir='ltr'>olim</span> <span class='ocrx_word' id='word_1_108' title='bbox 569 1001 736 1044; x_wconf 88' lang='lat' dir='ltr'>Scaphus.</span> <span class='ocrx_word' id='word_1_109' title='bbox 789 1000 988 1034; x_wconf 85' lang='lat' dir='ltr'>Translatio</span> <span class='ocrx_word' id='word_1_110' title='bbox 1013 1000 1048 1032; x_wconf 86' lang='lat' dir='ltr'>S.</span> <span class='ocrx_word' id='word_1_111' title='bbox 1067 1000 1284 1039; x_wconf 88' lang='lat' dir='ltr'>Bernwardi,</span> <span class='ocrx_word' id='word_1_112' title='bbox 1308 1001 1388 1033; x_wconf 81' lang='lat' dir='ltr'>edit.</span> <span class='ocrx_word' id='word_1_113' title='bbox 1408 1000 1577 1033; x_wconf 88' lang='lat' dir='ltr'>Browerii</span> <span class='ocrx_word' id='word_1_114' title='bbox 1595 1012 1654 1043; x_wconf 87' lang='lat' dir='ltr'>pa-</span> 
     </span>
     <span class='ocr_line' id='line_1_14' title="bbox 297 1056 1580 1101; baseline -0.001 -12"><span class='ocrx_word' id='word_1_115' title='bbox 297 1058 378 1101; x_wconf 84' lang='lat' dir='ltr'>gina</span> <span class='ocrx_word' id='word_1_116' title='bbox 397 1066 477 1089; x_wconf 84' lang='lat' dir='ltr'>LXI.</span> <span class='ocrx_word' id='word_1_117' title='bbox 499 1068 541 1089; x_wconf 83' lang='lat' dir='ltr'>ex</span> <span class='ocrx_word' id='word_1_118' title='bbox 556 1057 822 1101; x_wconf 86' lang='lat' dir='ltr'>Tangwardone</span> <span class='ocrx_word' id='word_1_119' title='bbox 841 1057 1042 1100; x_wconf 85' lang='lat' dir='ltr'>presbytero</span> <span class='ocrx_word' id='word_1_120' title='bbox 1062 1056 1401 1088; x_wconf 87' lang='lat' dir='ltr'>Hildeneshemensis</span> <span class='ocrx_word' id='word_1_121' title='bbox 1420 1057 1580 1099; x_wconf 91' lang='lat' dir='ltr'>episcopi.</span> 
     </span>
    </p>

    <p class='ocr_par' dir='ltr' id='par_1_5' title="bbox 294 1111 1652 1766">
     <span class='ocr_line' id='line_1_15' title="bbox 343 1111 1652 1155; baseline -0.001 -10"><span class='ocrx_word' id='word_1_122' title='bbox 343 1113 508 1151; x_wconf 83' lang='lat' dir='ltr'>Quinimo</span> <span class='ocrx_word' id='word_1_123' title='bbox 526 1114 562 1145; x_wconf 88' lang='lat' dir='ltr'>in</span> <span class='ocrx_word' id='word_1_124' title='bbox 580 1117 678 1145; x_wconf 85' lang='lat' dir='ltr'>tanta</span> <span class='ocrx_word' id='word_1_125' title='bbox 697 1113 902 1145; x_wconf 84' lang='lat' dir='ltr'>certitudine</span> <span class='ocrx_word' id='word_1_126' title='bbox 919 1117 1002 1144; x_wconf 89' lang='lat' dir='ltr'>sunt</span> <span class='ocrx_word' id='word_1_127' title='bbox 1020 1111 1111 1150; x_wconf 83' lang='lat' dir='ltr'>Itali,</span> <span class='ocrx_word' id='word_1_128' title='bbox 1138 1112 1198 1155; x_wconf 89' lang='lat' dir='ltr'>qui</span> <span class='ocrx_word' id='word_1_129' title='bbox 1223 1111 1375 1144; x_wconf 82' lang='lat' dir='ltr'>Bobium</span> <span class='ocrx_word' id='word_1_130' title='bbox 1397 1123 1467 1144; x_wconf 90' lang='lat' dir='ltr'>non</span> <span class='ocrx_word' id='word_1_131' title='bbox 1493 1113 1535 1144; x_wconf 85' lang='lat' dir='ltr'>ad</span> <span class='ocrx_word' id='word_1_132' title='bbox 1563 1123 1652 1150; x_wconf 90' lang='lat' dir='ltr'>eum,</span> 
     </span>
     <span class='ocr_line' id='line_1_16' title="bbox 295 1167 1651 1211; baseline -0.001 -10"><span class='ocrx_word' id='word_1_133' title='bbox 295 1169 352 1201; x_wconf 92' lang='lat' dir='ltr'>sed</span> <span class='ocrx_word' id='word_1_134' title='bbox 371 1169 414 1200; x_wconf 87' lang='lat' dir='ltr'>ad</span> <span class='ocrx_word' id='word_1_135' title='bbox 432 1169 538 1201; x_wconf 89' lang='lat' dir='ltr'>alium</span> <span class='ocrx_word' id='word_1_136' title='bbox 556 1168 708 1201; x_wconf 87' lang='lat' dir='ltr'>referant</span> <span class='ocrx_word' id='word_1_137' title='bbox 731 1168 952 1201; x_wconf 86' lang='lat' dir='ltr'>conditorem.</span> <span class='ocrx_word' id='word_1_138' title='bbox 981 1167 1039 1199; x_wconf 90' lang='lat' dir='ltr'>Fr.</span> <span class='ocrx_word' id='word_1_139' title='bbox 1065 1167 1221 1200; x_wconf 86' lang='lat' dir='ltr'>Blondus</span> <span class='ocrx_word' id='word_1_140' title='bbox 1244 1168 1280 1199; x_wconf 89' lang='lat' dir='ltr'>in</span> <span class='ocrx_word' id='word_1_141' title='bbox 1304 1167 1546 1211; x_wconf 84' lang='lat' dir='ltr'>Longobardia</span> <span class='ocrx_word' id='word_1_142' title='bbox 1571 1179 1651 1211; x_wconf 86' lang='lat' dir='ltr'>pag.</span> 
     </span>
     <span class='ocr_line' id='line_1_17' title="bbox 296 1221 1652 1266; baseline -0.001 -10"><span class='ocrx_word' id='word_1_143' title='bbox 296 1233 406 1257; x_wconf 85' lang='lat' dir='ltr'>XCIX.</span> <span class='ocrx_word' id='word_1_144' title='bbox 435 1235 455 1256; x_wconf 87' lang='lat' dir='ltr'>a</span> <span class='ocrx_word' id='word_1_145' title='bbox 477 1224 576 1256; x_wconf 85' lang='lat' dir='ltr'>beato</span> <span class='ocrx_word' id='word_1_146' title='bbox 606 1223 706 1256; x_wconf 86' lang='lat' dir='ltr'>Gallo</span> <span class='ocrx_word' id='word_1_147' title='bbox 729 1224 905 1256; x_wconf 88' lang='lat' dir='ltr'>conditum</span> <span class='ocrx_word' id='word_1_148' title='bbox 930 1224 1005 1255; x_wconf 88' lang='lat' dir='ltr'>vult</span> <span class='ocrx_word' id='word_1_149' title='bbox 1028 1228 1106 1266; x_wconf 88' lang='lat' dir='ltr'>post</span> <span class='ocrx_word' id='word_1_150' title='bbox 1129 1223 1317 1255; x_wconf 90' lang='lat' dir='ltr'>adventum</span> <span class='ocrx_word' id='word_1_151' title='bbox 1342 1223 1378 1254; x_wconf 87' lang='lat' dir='ltr'>in</span> <span class='ocrx_word' id='word_1_152' title='bbox 1396 1221 1534 1254; x_wconf 87' lang='lat' dir='ltr'>Italiam</span> <span class='ocrx_word' id='word_1_153' title='bbox 1560 1222 1652 1255; x_wconf 88' lang='lat' dir='ltr'>Lon-</span> 
     </span>
     <span class='ocr_line' id='line_1_18' title="bbox 294 1277 1652 1324; baseline -0.002 -11"><span class='ocrx_word' id='word_1_154' title='bbox 294 1280 525 1324; x_wconf 86' lang='lat' dir='ltr'>gobardorum</span> <span class='ocrx_word' id='word_1_155' title='bbox 554 1280 653 1312; x_wconf 84' lang='lat' dir='ltr'>annis</span> <span class='ocrx_word' id='word_1_156' title='bbox 683 1287 871 1311; x_wconf 89' lang='lat' dir='ltr'>LXXXVII.</span> <span class='ocrx_word' id='word_1_157' title='bbox 900 1279 1063 1320; x_wconf 84' lang='lat' dir='ltr'>impensis</span> <span class='ocrx_word' id='word_1_158' title='bbox 1091 1277 1264 1310; x_wconf 88' lang='lat' dir='ltr'>Addoaldi</span> <span class='ocrx_word' id='word_1_159' title='bbox 1295 1277 1355 1309; x_wconf 91' lang='lat' dir='ltr'>filii</span> <span class='ocrx_word' id='word_1_160' title='bbox 1390 1277 1652 1310; x_wconf 88' lang='lat' dir='ltr'>Theudolindae</span> 
     </span>
     <span class='ocr_line' id='line_1_19' title="bbox 294 1332 1651 1380; baseline -0.001 -12"><span class='ocrx_word' id='word_1_161' title='bbox 294 1336 444 1380; x_wconf 85' lang='lat' dir='ltr'>reginae.</span> <span class='ocrx_word' id='word_1_162' title='bbox 470 1335 718 1369; x_wconf 78' lang='lat' dir='ltr'>volaterranus</span> <span class='ocrx_word' id='word_1_163' title='bbox 742 1338 916 1366; x_wconf 85' lang='lat' dir='ltr'>auctorem</span> <span class='ocrx_word' id='word_1_164' title='bbox 942 1333 1024 1365; x_wconf 90' lang='lat' dir='ltr'>facit</span> <span class='ocrx_word' id='word_1_165' title='bbox 1048 1333 1159 1375; x_wconf 87' lang='lat' dir='ltr'>ipsam</span> <span class='ocrx_word' id='word_1_166' title='bbox 1186 1332 1477 1371; x_wconf 84' lang='lat' dir='ltr'>Theudolindam,</span> <span class='ocrx_word' id='word_1_167' title='bbox 1496 1344 1573 1365; x_wconf 90' lang='lat' dir='ltr'>cum</span> <span class='ocrx_word' id='word_1_168' title='bbox 1600 1338 1651 1366; x_wconf 87' lang='lat' dir='ltr'>ta-</span> 
     </span>
     <span class='ocr_line' id='line_1_20' title="bbox 295 1388 1651 1433; baseline -0.002 -9"><span class='ocrx_word' id='word_1_169' title='bbox 295 1402 375 1424; x_wconf 85' lang='lat' dir='ltr'>men</span> <span class='ocrx_word' id='word_1_170' title='bbox 402 1391 460 1423; x_wconf 89' lang='lat' dir='ltr'>lib.</span> <span class='ocrx_word' id='word_1_171' title='bbox 485 1399 543 1422; x_wconf 90' lang='lat'>111.</span> <span class='ocrx_word' id='word_1_172' title='bbox 572 1401 650 1433; x_wconf 86' lang='lat' dir='ltr'>pag.</span> <span class='ocrx_word' id='word_1_173' title='bbox 676 1398 756 1421; x_wconf 90' lang='lat' dir='ltr'>LIV.</span> <span class='ocrx_word' id='word_1_174' title='bbox 785 1394 818 1421; x_wconf 90' lang='lat' dir='ltr'>et</span> <span class='ocrx_word' id='word_1_175' title='bbox 847 1389 906 1421; x_wconf 87' lang='lat' dir='ltr'>lib.</span> <span class='ocrx_word' id='word_1_176' title='bbox 930 1397 983 1420; x_wconf 86' lang='lat' dir='ltr'>IV.</span> <span class='ocrx_word' id='word_1_177' title='bbox 1012 1399 1090 1431; x_wconf 85' lang='lat' dir='ltr'>pag.</span> <span class='ocrx_word' id='word_1_178' title='bbox 1120 1396 1310 1420; x_wconf 87' lang='lat' dir='ltr'>LXXXVII.</span> <span class='ocrx_word' id='word_1_179' title='bbox 1341 1388 1530 1420; x_wconf 86' lang='lat' dir='ltr'>honorifice</span> <span class='ocrx_word' id='word_1_180' title='bbox 1561 1400 1651 1421; x_wconf 90' lang='lat' dir='ltr'>com-</span> 
     </span>
     <span class='ocr_line' id='line_1_21' title="bbox 295 1443 1652 1489; baseline -0.001 -11"><span class='ocrx_word' id='word_1_181' title='bbox 295 1447 397 1489; x_wconf 91' lang='lat' dir='ltr'>pellet</span> <span class='ocrx_word' id='word_1_182' title='bbox 423 1445 688 1482; x_wconf 89' lang='lat' dir='ltr'>Columbanum,</span> <span class='ocrx_word' id='word_1_183' title='bbox 716 1455 736 1476; x_wconf 92' lang='lat' dir='ltr'>a</span> <span class='ocrx_word' id='word_1_184' title='bbox 763 1455 831 1487; x_wconf 92' lang='lat' dir='ltr'>quo</span> <span class='ocrx_word' id='word_1_185' title='bbox 854 1455 958 1486; x_wconf 90' lang='lat' dir='ltr'>supra</span> <span class='ocrx_word' id='word_1_186' title='bbox 983 1443 1146 1476; x_wconf 87' lang='lat' dir='ltr'>Ticinum</span> <span class='ocrx_word' id='word_1_187' title='bbox 1175 1448 1347 1476; x_wconf 87' lang='lat' dir='ltr'>structum</span> <span class='ocrx_word' id='word_1_188' title='bbox 1374 1443 1577 1476; x_wconf 89' lang='lat' dir='ltr'>coenobium</span> <span class='ocrx_word' id='word_1_189' title='bbox 1602 1444 1652 1477; x_wconf 87' lang='lat' dir='ltr'>fa-</span> 
     </span>
     <span class='ocr_line' id='line_1_22' title="bbox 296 1498 1652 1544; baseline -0.001 -10"><span class='ocrx_word' id='word_1_190' title='bbox 296 1506 409 1534; x_wconf 85' lang='lat' dir='ltr'>tetur:</span> <span class='ocrx_word' id='word_1_191' title='bbox 438 1512 459 1533; x_wconf 88' lang='lat' dir='ltr'>a</span> <span class='ocrx_word' id='word_1_192' title='bbox 480 1501 579 1544; x_wconf 87' lang='lat' dir='ltr'>cujus</span> <span class='ocrx_word' id='word_1_193' title='bbox 603 1500 712 1532; x_wconf 86' lang='lat' dir='ltr'>sancti</span> <span class='ocrx_word' id='word_1_194' title='bbox 741 1500 879 1532; x_wconf 88' lang='lat' dir='ltr'>nomine</span> <span class='ocrx_word' id='word_1_195' title='bbox 903 1500 1003 1541; x_wconf 87' lang='lat' dir='ltr'>plura</span> <span class='ocrx_word' id='word_1_196' title='bbox 1025 1499 1060 1530; x_wconf 94' lang='lat' dir='ltr'>in</span> <span class='ocrx_word' id='word_1_197' title='bbox 1087 1498 1189 1531; x_wconf 87' lang='lat' dir='ltr'>Italia</span> <span class='ocrx_word' id='word_1_198' title='bbox 1216 1499 1352 1540; x_wconf 88' lang='lat' dir='ltr'>oppida,</span> <span class='ocrx_word' id='word_1_199' title='bbox 1378 1509 1489 1530; x_wconf 89' lang='lat' dir='ltr'>unum</span> <span class='ocrx_word' id='word_1_200' title='bbox 1517 1499 1554 1531; x_wconf 90' lang='lat' dir='ltr'>in</span> <span class='ocrx_word' id='word_1_201' title='bbox 1582 1499 1652 1532; x_wconf 92' lang='lat' dir='ltr'>He-</span> 
     </span>
     <span class='ocr_line' id='line_1_23' title="bbox 296 1554 1650 1600; baseline -0.002 -10"><span class='ocrx_word' id='word_1_202' title='bbox 296 1558 417 1596; x_wconf 84' lang='lat' dir='ltr'>truria,</span> <span class='ocrx_word' id='word_1_203' title='bbox 448 1561 597 1600; x_wconf 87' lang='lat' dir='ltr'>quatuor</span> <span class='ocrx_word' id='word_1_204' title='bbox 632 1555 786 1587; x_wconf 89' lang='lat' dir='ltr'>millibus</span> <span class='ocrx_word' id='word_1_205' title='bbox 817 1565 982 1597; x_wconf 84' lang='lat' dir='ltr'>passuum</span> <span class='ocrx_word' id='word_1_206' title='bbox 1014 1554 1201 1591; x_wconf 85' lang='lat' dir='ltr'>Florentia,</span> <span class='ocrx_word' id='word_1_207' title='bbox 1235 1554 1331 1585; x_wconf 88' lang='lat' dir='ltr'>aliud</span> <span class='ocrx_word' id='word_1_208' title='bbox 1357 1554 1461 1597; x_wconf 85' lang='lat' dir='ltr'>juxta</span> <span class='ocrx_word' id='word_1_209' title='bbox 1491 1554 1650 1587; x_wconf 88' lang='lat' dir='ltr'>Cremam</span> 
     </span>
     <span class='ocr_line' id='line_1_24' title="bbox 297 1609 1651 1648; baseline -0.002 -3"><span class='ocrx_word' id='word_1_210' title='bbox 297 1624 387 1645; x_wconf 88' lang='lat' dir='ltr'>anno</span> <span class='ocrx_word' id='word_1_211' title='bbox 421 1613 523 1645; x_wconf 87' lang='lat' dir='ltr'>salut.</span> <span class='ocrx_word' id='word_1_212' title='bbox 562 1619 716 1643; x_wconf 84' lang='lat' dir='ltr'>MCLXV.</span> <span class='ocrx_word' id='word_1_213' title='bbox 752 1611 927 1643; x_wconf 89' lang='lat' dir='ltr'>conditum</span> <span class='ocrx_word' id='word_1_214' title='bbox 959 1621 979 1641; x_wconf 90' lang='lat' dir='ltr'>a</span> <span class='ocrx_word' id='word_1_215' title='bbox 1009 1609 1191 1641; x_wconf 86' lang='lat' dir='ltr'>Frederieo</span> <span class='ocrx_word' id='word_1_216' title='bbox 1229 1609 1452 1648; x_wconf 81' lang='lat' dir='ltr'>Barbarossa,</span> <span class='ocrx_word' id='word_1_217' title='bbox 1487 1615 1651 1642; x_wconf 84' lang='lat' dir='ltr'>vexatum</span> 
     </span>
     <span class='ocr_line' id='line_1_25' title="bbox 296 1664 1649 1712; baseline -0.002 -12"><span class='ocrx_word' id='word_1_218' title='bbox 296 1669 450 1712; x_wconf 83' lang='lat' dir='ltr'>graviter</span> <span class='ocrx_word' id='word_1_219' title='bbox 474 1679 494 1700; x_wconf 89' lang='lat' dir='ltr'>a</span> <span class='ocrx_word' id='word_1_220' title='bbox 517 1666 642 1700; x_wconf 87' lang='lat' dir='ltr'>Carolo</span> <span class='ocrx_word' id='word_1_221' title='bbox 659 1665 702 1698; x_wconf 88' lang='lat' dir='ltr'>V.</span> <span class='ocrx_word' id='word_1_222' title='bbox 721 1671 755 1698; x_wconf 92' lang='lat' dir='ltr'>et</span> <span class='ocrx_word' id='word_1_223' title='bbox 773 1665 959 1698; x_wconf 88' lang='lat' dir='ltr'>Francisco</span> <span class='ocrx_word' id='word_1_224' title='bbox 977 1664 1004 1696; x_wconf 93' lang='lat' dir='ltr'>I.</span> <span class='ocrx_word' id='word_1_225' title='bbox 1054 1664 1153 1697; x_wconf 88' lang='lat' dir='ltr'>Paul.</span> <span class='ocrx_word' id='word_1_226' title='bbox 1173 1664 1312 1697; x_wconf 84' lang='lat' dir='ltr'>Merula</span> <span class='ocrx_word' id='word_1_227' title='bbox 1329 1670 1418 1707; x_wconf 87' lang='lat' dir='ltr'>part.</span> <span class='ocrx_word' id='word_1_228' title='bbox 1445 1673 1485 1696; x_wconf 88' lang='grc' dir='ltr'>ΙΙ.</span> <span class='ocrx_word' id='word_1_229' title='bbox 1510 1666 1568 1698; x_wconf 94' lang='lat' dir='ltr'>lib.</span> <span class='ocrx_word' id='word_1_230' title='bbox 1597 1674 1649 1697; x_wconf 86' lang='lat' dir='ltr'>Iv.</span> 
     </span>
     <span class='ocr_line' id='line_1_26' title="bbox 298 1732 537 1766; baseline -0.004 -10"><span class='ocrx_word' id='word_1_231' title='bbox 298 1734 372 1766; x_wconf 81' lang='lat' dir='ltr'>cap.</span> <span class='ocrx_word' id='word_1_232' title='bbox 393 1732 537 1756; x_wconf 75' lang='lat' dir='ltr'>XXXVI.</span> 
     </span>
    </p>

    <p class='ocr_par' dir='ltr' id='par_1_6' title="bbox 298 1775 1651 2377">
     <span class='ocr_line' id='line_1_27' title="bbox 345 1775 1650 1821; baseline -0.002 -10"><span class='ocrx_word' id='word_1_233' title='bbox 345 1778 537 1821; x_wconf 87' lang='lat' dir='ltr'>Aequiores</span> <span class='ocrx_word' id='word_1_234' title='bbox 555 1778 613 1810; x_wconf 85' lang='lat' dir='ltr'>alii</span> <span class='ocrx_word' id='word_1_235' title='bbox 637 1778 801 1816; x_wconf 80' lang='lat' dir='ltr'>fuerunt3</span> <span class='ocrx_word' id='word_1_236' title='bbox 829 1778 865 1810; x_wconf 90' lang='lat' dir='ltr'>in</span> <span class='ocrx_word' id='word_1_237' title='bbox 887 1777 941 1809; x_wconf 87' lang='lat' dir='ltr'>his</span> <span class='ocrx_word' id='word_1_238' title='bbox 964 1775 1152 1809; x_wconf 89' lang='lat' dir='ltr'>Gerbertus</span> <span class='ocrx_word' id='word_1_239' title='bbox 1174 1775 1388 1808; x_wconf 89' lang='lat' dir='ltr'>Rhemorum</span> <span class='ocrx_word' id='word_1_240' title='bbox 1410 1776 1572 1818; x_wconf 87' lang='lat' dir='ltr'>primum,</span> <span class='ocrx_word' id='word_1_241' title='bbox 1595 1776 1650 1809; x_wconf 88' lang='lat' dir='ltr'>de-</span> 
     </span>
     <span class='ocr_line' id='line_1_28' title="bbox 298 1830 1650 1875; baseline -0.001 -9"><span class='ocrx_word' id='word_1_242' title='bbox 298 1835 376 1867; x_wconf 88' lang='lat' dir='ltr'>inde</span> <span class='ocrx_word' id='word_1_243' title='bbox 411 1834 669 1866; x_wconf 87' lang='lat' dir='ltr'>Ravennatium</span> <span class='ocrx_word' id='word_1_244' title='bbox 703 1833 988 1875; x_wconf 85' lang='lat' dir='ltr'>archiepiscopus,</span> <span class='ocrx_word' id='word_1_245' title='bbox 1028 1832 1167 1864; x_wconf 92' lang='lat' dir='ltr'>demum</span> <span class='ocrx_word' id='word_1_246' title='bbox 1200 1830 1357 1873; x_wconf 83' lang='lat' dir='ltr'>pontifex</span> <span class='ocrx_word' id='word_1_247' title='bbox 1386 1832 1558 1863; x_wconf 88' lang='lat' dir='ltr'>maximus</span> <span class='ocrx_word' id='word_1_248' title='bbox 1586 1832 1650 1864; x_wconf 89' lang='lat' dir='ltr'>sub</span> 
     </span>
     <span class='ocr_line' id='line_1_29' title="bbox 298 1886 1651 1933; baseline -0.002 -10"><span class='ocrx_word' id='word_1_249' title='bbox 298 1891 437 1923; x_wconf 89' lang='lat' dir='ltr'>nomine</span> <span class='ocrx_word' id='word_1_250' title='bbox 463 1890 631 1933; x_wconf 85' lang='lat' dir='ltr'>Sylvestri</span> <span class='ocrx_word' id='word_1_251' title='bbox 650 1889 697 1922; x_wconf 93' lang='grc' dir='ltr'>ΙΙ.</span> <span class='ocrx_word' id='word_1_252' title='bbox 749 1888 784 1921; x_wconf 89' lang='lat' dir='ltr'>Is</span> <span class='ocrx_word' id='word_1_253' title='bbox 802 1889 901 1931; x_wconf 90' lang='lat' dir='ltr'>epist.</span> <span class='ocrx_word' id='word_1_254' title='bbox 921 1896 974 1920; x_wconf 89' lang='lat' dir='ltr'>IV.</span> <span class='ocrx_word' id='word_1_255' title='bbox 993 1892 1027 1920; x_wconf 94' lang='lat' dir='ltr'>et</span> <span class='ocrx_word' id='word_1_256' title='bbox 1044 1895 1080 1918; x_wconf 86' lang='lat' dir='ltr'>V.</span> <span class='ocrx_word' id='word_1_257' title='bbox 1115 1892 1135 1905; x_wconf 74' lang='lat'>‘⁶</span> <span class='ocrx_word' id='word_1_258' title='bbox 1148 1886 1249 1924; x_wconf 85' lang='lat' dir='ltr'>Quod</span> <span class='ocrx_word' id='word_1_259' title='bbox 1266 1886 1439 1919; x_wconf 82' lang='lat' dir='ltr'>abbatiam</span> <span class='ocrx_word' id='word_1_260' title='bbox 1457 1886 1493 1919; x_wconf 88' lang='lat' dir='ltr'>S.</span> <span class='ocrx_word' id='word_1_261' title='bbox 1512 1887 1651 1920; x_wconf 86' lang='lat' dir='ltr'>Colum·</span> 
     </span>
     <span class='ocr_line' id='line_1_30' title="bbox 299 1941 1648 1986; baseline -0.004 -8"><span class='ocrx_word' id='word_1_262' title='bbox 299 1947 378 1979; x_wconf 83' lang='lat' dir='ltr'>bani</span> <span class='ocrx_word' id='word_1_263' title='bbox 402 1946 527 1978; x_wconf 82' lang='lat' dir='ltr'>habere</span> <span class='ocrx_word' id='word_1_264' title='bbox 554 1945 723 1982; x_wconf 89' lang='lat' dir='ltr'>videmur,</span> <span class='ocrx_word' id='word_1_265' title='bbox 748 1944 917 1977; x_wconf 89' lang='lat' dir='ltr'>Italorum</span> <span class='ocrx_word' id='word_1_266' title='bbox 944 1944 1029 1975; x_wconf 88' lang='lat' dir='ltr'>nulli</span> <span class='ocrx_word' id='word_1_267' title='bbox 1057 1943 1188 1986; x_wconf 82' lang='lat' dir='ltr'>gratias</span> <span class='ocrx_word' id='word_1_268' title='bbox 1214 1942 1382 1985; x_wconf 83' lang='lat' dir='ltr'>agimus.&#39;⁷</span> <span class='ocrx_word' id='word_1_269' title='bbox 1432 1941 1547 1984; x_wconf 87' lang='lat' dir='ltr'>Epist.</span> <span class='ocrx_word' id='word_1_270' title='bbox 1575 1951 1648 1974; x_wconf 91' lang='lat' dir='ltr'>XII.</span> 
     </span>
     <span class='ocr_line' id='line_1_31' title="bbox 299 1997 1650 2044; baseline -0.003 -10"><span class='ocrx_word' id='word_1_271' title='bbox 299 2007 319 2021; x_wconf 86' lang='lat'><strong>“</strong></span> <span class='ocrx_word' id='word_1_272' title='bbox 336 2002 427 2034; x_wconf 87' lang='lat' dir='ltr'>Nam</span> <span class='ocrx_word' id='word_1_273' title='bbox 446 2012 532 2044; x_wconf 84' lang='lat' dir='ltr'>quae</span> <span class='ocrx_word' id='word_1_274' title='bbox 551 2011 629 2043; x_wconf 89' lang='lat' dir='ltr'>pars</span> <span class='ocrx_word' id='word_1_275' title='bbox 648 2000 768 2032; x_wconf 84' lang='lat' dir='ltr'>Italiae</span> <span class='ocrx_word' id='word_1_276' title='bbox 786 1998 1015 2041; x_wconf 89' lang='lat' dir='ltr'>possessiones</span> <span class='ocrx_word' id='word_1_277' title='bbox 1033 1998 1123 2030; x_wconf 88' lang='lat' dir='ltr'>beati</span> <span class='ocrx_word' id='word_1_278' title='bbox 1139 1997 1343 2029; x_wconf 89' lang='lat' dir='ltr'>Columbani</span> <span class='ocrx_word' id='word_1_279' title='bbox 1363 2008 1432 2030; x_wconf 89' lang='lat' dir='ltr'>non</span> <span class='ocrx_word' id='word_1_280' title='bbox 1446 1998 1600 2030; x_wconf 87' lang='lat' dir='ltr'>continet</span> <span class='ocrx_word' id='word_1_281' title='bbox 1614 1998 1650 2030; x_wconf 80' lang='lat'>?⁷’</span> 
     </span>
     <span class='ocr_line' id='line_1_32' title="bbox 298 2052 1649 2099; baseline -0.002 -10"><span class='ocrx_word' id='word_1_282' title='bbox 298 2057 413 2099; x_wconf 89' lang='lat' dir='ltr'>Epist.</span> <span class='ocrx_word' id='word_1_283' title='bbox 434 2064 612 2088; x_wconf 82' lang='lat' dir='ltr'>LXXXIII.</span> <span class='ocrx_word' id='word_1_284' title='bbox 649 2059 669 2073; x_wconf 76' lang='lat'>‘⁶</span> <span class='ocrx_word' id='word_1_285' title='bbox 684 2054 913 2087; x_wconf 86' lang='lat' dir='ltr'>Bobiensibus</span> <span class='ocrx_word' id='word_1_286' title='bbox 930 2054 1113 2096; x_wconf 88' lang='lat' dir='ltr'>utriusque</span> <span class='ocrx_word' id='word_1_287' title='bbox 1130 2052 1292 2085; x_wconf 88' lang='lat' dir='ltr'>ordinis.&#39;’</span> <span class='ocrx_word' id='word_1_288' title='bbox 1343 2052 1457 2095; x_wconf 88' lang='lat' dir='ltr'>Epist.</span> <span class='ocrx_word' id='word_1_289' title='bbox 1477 2061 1649 2086; x_wconf 86' lang='lat' dir='ltr'>LXXXIV.</span> 
     </span>
     <span class='ocr_line' id='line_1_33' title="bbox 300 2107 1650 2150; baseline -0.003 -6"><span class='ocrx_word' id='word_1_290' title='bbox 300 2118 319 2131; x_wconf 76' lang='lat'>‘⁶</span> <span class='ocrx_word' id='word_1_291' title='bbox 331 2112 380 2144; x_wconf 89' lang='lat' dir='ltr'>Ut</span> <span class='ocrx_word' id='word_1_292' title='bbox 397 2112 494 2143; x_wconf 84' lang='lat' dir='ltr'>fessis</span> <span class='ocrx_word' id='word_1_293' title='bbox 511 2111 612 2143; x_wconf 88' lang='lat' dir='ltr'>rebus</span> <span class='ocrx_word' id='word_1_294' title='bbox 625 2111 715 2142; x_wconf 86' lang='lat' dir='ltr'>beati</span> <span class='ocrx_word' id='word_1_295' title='bbox 729 2108 933 2142; x_wconf 87' lang='lat' dir='ltr'>Columbani</span> <span class='ocrx_word' id='word_1_296' title='bbox 948 2107 1193 2141; x_wconf 86' lang='lat' dir='ltr'>subveniatis.&#39;&#39;</span> <span class='ocrx_word' id='word_1_297' title='bbox 1223 2107 1337 2150; x_wconf 89' lang='lat' dir='ltr'>Epist.</span> <span class='ocrx_word' id='word_1_298' title='bbox 1351 2117 1475 2140; x_wconf 86' lang='lat' dir='ltr'>CXXX.</span> <span class='ocrx_word' id='word_1_299' title='bbox 1490 2108 1650 2140; x_wconf 89' lang='lat' dir='ltr'>affectum</span> 
     </span>
     <span class='ocr_line' id='line_1_34' title="bbox 299 2163 1649 2206; baseline -0.003 -7"><span class='ocrx_word' id='word_1_300' title='bbox 299 2178 400 2200; x_wconf 87' lang='lat' dir='ltr'>suum</span> <span class='ocrx_word' id='word_1_301' title='bbox 431 2167 466 2198; x_wconf 92' lang='lat' dir='ltr'>in</span> <span class='ocrx_word' id='word_1_302' title='bbox 496 2167 593 2198; x_wconf 90' lang='lat' dir='ltr'>illum</span> <span class='ocrx_word' id='word_1_303' title='bbox 625 2170 782 2197; x_wconf 87' lang='lat' dir='ltr'>sanctum</span> <span class='ocrx_word' id='word_1_304' title='bbox 811 2164 942 2206; x_wconf 84' lang='lat' dir='ltr'>prolixe</span> <span class='ocrx_word' id='word_1_305' title='bbox 968 2164 1161 2206; x_wconf 82' lang='lat' dir='ltr'>exequitur.</span> <span class='ocrx_word' id='word_1_306' title='bbox 1192 2163 1290 2196; x_wconf 85' lang='lat' dir='ltr'>Paul.</span> <span class='ocrx_word' id='word_1_307' title='bbox 1319 2163 1530 2195; x_wconf 53' lang='lat' dir='ltr'>lVarnefrid.</span> <span class='ocrx_word' id='word_1_308' title='bbox 1561 2163 1649 2196; x_wconf 90' lang='lat' dir='ltr'>libro</span> 
     </span>
     <span class='ocr_line' id='line_1_35' title="bbox 301 2218 1649 2264; baseline -0.004 -8"><span class='ocrx_word' id='word_1_309' title='bbox 301 2223 449 2256; x_wconf 86' lang='lat' dir='ltr'>secundo</span> <span class='ocrx_word' id='word_1_310' title='bbox 482 2221 616 2254; x_wconf 88' lang='lat' dir='ltr'>Histor.</span> <span class='ocrx_word' id='word_1_311' title='bbox 643 2220 862 2264; x_wconf 88' lang='lat' dir='ltr'>Longobard.</span> <span class='ocrx_word' id='word_1_312' title='bbox 888 2230 959 2262; x_wconf 89' lang='lat' dir='ltr'>cap.</span> <span class='ocrx_word' id='word_1_313' title='bbox 988 2228 1068 2252; x_wconf 83' lang='lat' dir='ltr'>XVI.</span> <span class='ocrx_word' id='word_1_314' title='bbox 1097 2220 1133 2251; x_wconf 90' lang='lat' dir='ltr'>in</span> <span class='ocrx_word' id='word_1_315' title='bbox 1156 2227 1192 2251; x_wconf 89' lang='lat' dir='ltr'>V.</span> <span class='ocrx_word' id='word_1_316' title='bbox 1220 2219 1399 2261; x_wconf 88' lang='lat' dir='ltr'>provincia</span> <span class='ocrx_word' id='word_1_317' title='bbox 1426 2218 1575 2251; x_wconf 90' lang='lat' dir='ltr'>Bobium</span> <span class='ocrx_word' id='word_1_318' title='bbox 1602 2220 1649 2251; x_wconf 90' lang='lat' dir='ltr'>lo-</span> 
     </span>
     <span class='ocr_line' id='line_1_36' title="bbox 299 2273 1649 2319; baseline -0.005 -7"><span class='ocrx_word' id='word_1_319' title='bbox 299 2285 363 2316; x_wconf 84' lang='lat' dir='ltr'>cat,</span> <span class='ocrx_word' id='word_1_320' title='bbox 384 2283 417 2311; x_wconf 87' lang='lat' dir='ltr'>et</span> <span class='ocrx_word' id='word_1_321' title='bbox 431 2278 488 2310; x_wconf 89' lang='lat' dir='ltr'>lib.</span> <span class='ocrx_word' id='word_1_322' title='bbox 506 2285 557 2309; x_wconf 91' lang='lat' dir='ltr'>IV.</span> <span class='ocrx_word' id='word_1_323' title='bbox 575 2287 647 2319; x_wconf 86' lang='lat' dir='ltr'>cap.</span> <span class='ocrx_word' id='word_1_324' title='bbox 661 2284 777 2308; x_wconf 89' lang='lat' dir='ltr'>XLIII.</span> <span class='ocrx_word' id='word_1_325' title='bbox 798 2280 818 2293; x_wconf 91' lang='lat'><strong>“</strong></span> <span class='ocrx_word' id='word_1_326' title='bbox 830 2275 929 2308; x_wconf 85' lang='lat' dir='ltr'>Circa</span> <span class='ocrx_word' id='word_1_327' title='bbox 942 2275 1025 2307; x_wconf 87' lang='lat' dir='ltr'>haec</span> <span class='ocrx_word' id='word_1_328' title='bbox 1041 2279 1197 2317; x_wconf 87' lang='lat' dir='ltr'>tempora</span> <span class='ocrx_word' id='word_1_329' title='bbox 1211 2274 1331 2307; x_wconf 90' lang='lat' dir='ltr'>beatus</span> <span class='ocrx_word' id='word_1_330' title='bbox 1351 2273 1584 2306; x_wconf 88' lang='lat' dir='ltr'>Columbanus</span> <span class='ocrx_word' id='word_1_331' title='bbox 1607 2285 1649 2306; x_wconf 88' lang='lat' dir='ltr'>ex</span> 
     </span>
     <span class='ocr_line' id='line_1_37' title="bbox 301 2328 1649 2377; baseline -0.004 -10"><span class='ocrx_word' id='word_1_332' title='bbox 301 2336 481 2368; x_wconf 63' lang='lat' dir='ltr'>Scotorum</span> <span class='ocrx_word' id='word_1_333' title='bbox 499 2343 623 2377; x_wconf 84' lang='lat' dir='ltr'>genere</span> <span class='ocrx_word' id='word_1_334' title='bbox 641 2332 818 2370; x_wconf 88' lang='lat' dir='ltr'>oriundus,</span> <span class='ocrx_word' id='word_1_335' title='bbox 844 2337 1028 2375; x_wconf 87' lang='lat' dir='ltr'>postquam</span> <span class='ocrx_word' id='word_1_336' title='bbox 1046 2330 1082 2362; x_wconf 90' lang='lat' dir='ltr'>in</span> <span class='ocrx_word' id='word_1_337' title='bbox 1100 2329 1224 2369; x_wconf 86' lang='lat' dir='ltr'>Gallia,</span> <span class='ocrx_word' id='word_1_338' title='bbox 1248 2329 1284 2362; x_wconf 91' lang='lat' dir='ltr'>in</span> <span class='ocrx_word' id='word_1_339' title='bbox 1300 2330 1373 2363; x_wconf 91' lang='lat' dir='ltr'>loco</span> <span class='ocrx_word' id='word_1_340' title='bbox 1391 2329 1450 2372; x_wconf 90' lang='lat' dir='ltr'>qui</span> <span class='ocrx_word' id='word_1_341' title='bbox 1469 2328 1649 2362; x_wconf 87' lang='lat' dir='ltr'>Luxovius</span> 
     </span>
    </p>
   </div>
  </div>
 </body>
</html>
