1861 2682
898 296 969 335 xiii

256 401 669 455 jurisprudentialm'e
689 399 877 446 colentes,
897 399 1061 437 laudem
1081 398 1192 437 haud
1211 399 1453 438 mediocrem
1469 399 1604 450 adepti

260 470 379 508 sunt;
411 463 653 515 professores
687 462 751 501 vel
784 463 905 500 etiam
937 460 1238 511 gymnasiorum
1272 460 1473 512 praesides
1511 467 1607 498 sunt

260 527 365 572 facti,
387 539 617 577 nomenque
638 525 841 564 Scoticum
861 523 942 562 late
958 536 1028 574 per
1045 523 1182 560 orbem
1199 528 1398 560 terrarum
1414 536 1606 574 propaga-

259 594 367 626 runt.
425 588 595 626 Viderat
616 588 700 640 ipse
727 587 993 638 Dempsterus
1020 584 1182 630 multos,
1209 598 1383 636 quorum
1410 584 1606 630 meminit,

260 650 494 696 sacerdotes,
513 650 766 702 professores,
786 648 946 693 milites,
968 653 1008 686 et
1024 647 1231 685 interdum
1247 661 1377 685 mores
1394 647 1606 684 hominum

259 717 383 750 notat.
441 712 518 750 Sed
537 712 711 750 maxime
731 710 864 750 elucet
884 709 1060 748 narratio
1081 711 1167 761 ejus
1188 709 1238 747 de
1259 709 1365 747 tristi
1387 709 1607 747 Hakersto-

259 774 300 811 ni
322 774 415 820 fato,
436 774 518 825 qui,
539 780 579 812 et
599 773 714 812 miles
735 773 850 811 fortis
870 778 911 811 et
930 772 990 810 vir
1011 772 1206 817 eruditus,
1224 777 1377 809 turmas
1394 771 1436 809 in
1453 771 1606 817 Suevia,

257 835 400 881 Gallia,
421 850 466 874 ac
486 835 627 887 Belgio
647 836 756 874 varia
776 836 940 873 fortuna
960 835 1143 880 duxerat,
1164 834 1234 872 sed
1254 834 1419 872 tandem
1435 833 1605 872 Comitis

260 897 446 936 Boduelii
468 904 601 950 partes
621 903 760 937 contra
775 897 800 935 J
804 910 976 935 oannem
994 896 1267 935 Metellanum
1283 903 1455 942 secutus,
1472 897 1523 934 ad
1539 910 1606 935 ex-

259 966 429 998 tremam
449 960 626 1012 inopiam
647 966 707 998 est
727 960 924 998 redactus.
984 958 1129 1010 Neque
1149 959 1225 1005 hic,
1245 959 1277 997 si
1298 964 1477 997 mentem
1494 964 1605 997 tuam

259 1021 445 1060 mortalia
464 1028 651 1074 tangunt,
676 1028 720 1060 tu
742 1023 957 1073 gravabere
978 1020 1193 1073 paululum
1214 1021 1365 1059 intueri
1387 1027 1470 1059 tam
1490 1021 1607 1059 mise-

260 1097 344 1122 ram
365 1098 501 1122 rerum
521 1084 832 1123 conversionem.
890 1089 910 1106 ‘⁴
930 1085 1088 1122 Tantus
1108 1083 1168 1121 vir
1188 1097 1318 1135 nuper
1333 1083 1484 1121 dicitur
1500 1083 1606 1121 Lon-

260 1146 346 1184 dini
381 1146 516 1184 inedia
545 1146 720 1198 periisse,
755 1146 839 1184 fato
865 1145 976 1184 haud
1007 1146 1129 1184 dubie
1160 1145 1231 1183 illa
1261 1144 1398 1183 indole
1428 1146 1605 1197 indigno.

258 1209 341 1246 Sub
359 1221 514 1245 annum
535 1222 695 1246 MDcxv.
716 1208 872 1245 obviam
893 1208 993 1246 mihi
1014 1208 1145 1246 factus
1173 1207 1296 1260 paulo
1325 1213 1420 1246 ante
1449 1208 1606 1246 obitum

259 1270 310 1307 ad
343 1270 461 1308 aedes
494 1270 623 1321 regias
655 1269 1016 1315 YVestmonasterii,
1048 1284 1152 1321 quae
1189 1269 1416 1308 Cardinalis
1453 1270 1605 1309 Vollsei

259 1332 438 1377 fuerunt,
469 1344 643 1383 cumque
675 1331 839 1369 nomine
870 1331 1032 1383 proprio
1064 1330 1338 1383 appellassem,
1370 1338 1532 1371 tantum
1564 1333 1605 1371 in

259 1394 407 1433 vestitu
428 1393 667 1445 squalorem,
687 1399 729 1432 et
748 1393 790 1431 in
810 1392 928 1431 vultu
950 1393 1119 1432 maciem
1139 1394 1338 1439 misertus,
1360 1393 1428 1433 ille
1448 1395 1499 1433 ad
1519 1409 1606 1433 me:

260 1463 269 1479 ⁴
292 1457 403 1499 Quid
431 1456 549 1502 facis,’
579 1456 726 1508 inquit,
761 1462 770 1477 ‘
795 1455 871 1501 hic,
900 1455 1011 1494 coelo
1040 1454 1206 1507 soloque
1233 1455 1364 1494 Musis
1394 1462 1435 1494 et
1464 1457 1605 1495 virtuti

259 1519 434 1558 aversis?
487 1519 694 1570 Heuficge
713 1519 884 1557 crudeles
903 1524 1041 1564 terras,
1048 1518 1152 1570 fizge
1171 1519 1280 1557 littus
1299 1522 1487 1558 avarum?
1542 1519 1609 1558 In-

260 1588 322 1619 ter
341 1581 440 1619 haec
460 1586 501 1619 et
521 1580 667 1619 similia
685 1581 943 1632 pervenimus
963 1580 1014 1618 ad
1033 1580 1057 1618 J
1061 1594 1184 1618 anum
1200 1581 1432 1632 geminum3
1459 1595 1608 1621 merca-

260 1650 395 1681 torum
416 1657 462 1681 ea
481 1643 613 1689 statio,
634 1643 688 1681 ibi
709 1643 875 1694 quidem
896 1642 1110 1681 Cambium
1131 1643 1249 1688 dicta,
1271 1657 1293 1681 a
1309 1643 1437 1682 Gallis
1454 1643 1606 1683 Bursa:

259 1706 437 1744 instante
460 1705 629 1743 meridie
655 1705 705 1743 ad
730 1705 946 1757 prandium
974 1705 1010 1743 ei
1042 1705 1215 1751 condixi,
1242 1706 1312 1744 sed
1336 1705 1405 1744 ille
1431 1705 1537 1744 laeto
1567 1714 1607 1745 et

258 1767 453 1806 renitenti
477 1766 607 1813 vultu,
633 1773 643 1790 ⁶
662 1767 971 1812 Conditionem,’
1002 1766 1147 1818 inquit,
1175 1773 1183 1789 ‘
1203 1767 1383 1819 accipere
1410 1782 1492 1806 non
1519 1782 1607 1820 pos-

259 1843 358 1876 sum,
390 1836 530 1868 teneor
563 1829 672 1868 enim
705 1836 954 1868 sacramento
988 1828 1142 1867 nullius
1173 1843 1356 1881 unquam
1389 1830 1466 1868 nisi
1498 1844 1606 1869 meas

259 1905 415 1931 mensas
436 1892 667 1935 aditurum3
702 1892 772 1930 sed
797 1892 828 1930 si
855 1906 936 1930 non
964 1891 1040 1929 erit
1069 1891 1144 1929 tibi
1174 1891 1390 1943 ingratum,
1413 1892 1605 1944 hospitio-

259 1953 344 1992 lum
371 1968 506 1993 meum
535 1954 576 1992 in
603 1954 749 1992 vicinia
775 1959 846 2001 est,
877 1968 969 2005 qu0,
993 1954 1025 1992 si
1052 1953 1194 2005 placet,
1224 1955 1511 1993 concedamus.'
1570 1956 1606 1994 E

260 2016 427 2067 vestigio
447 2016 564 2054 illum
584 2022 756 2062 secutus,
777 2016 961 2055 venimus
981 2016 1024 2054 in
1044 2017 1302 2067 gurgustium
1330 2017 1537 2064 illiberale,
1565 2026 1605 2057 et

260 2078 344 2130 ipse
363 2078 464 2116 mihi
484 2077 622 2116 sellam
643 2078 841 2117 humilem
861 2084 902 2117 et
922 2079 1180 2117 stramineam
1201 2079 1391 2131 porrexit,
1412 2086 1463 2126 et,
1484 2086 1531 2118 ut
1548 2094 1605 2119 se-

259 2141 407 2185 derem,
428 2140 636 2185 invitavit3
671 2141 755 2193 ipse
775 2141 849 2179 sibi
871 2141 1031 2180 cadurci
1059 2141 1276 2179 titubantis
1297 2156 1341 2180 ac
1367 2141 1472 2180 male
1498 2142 1603 2180 firmi

259 2203 453 2254 spondam
474 2203 698 2254 assumpsit,
719 2209 807 2241 tum
828 2203 878 2241 ad
898 2217 962 2241 me
983 2209 1147 2255 stupore
1172 2203 1354 2242 defixum
1380 2218 1604 2250 conversus,

260 2271 269 2288 ‘
291 2265 402 2303 Haec
418 2278 506 2302 mea
522 2268 639 2310 sunt‚’
660 2265 804 2316 inquit,
826 2272 835 2288 ‘
850 2272 890 2304 et
911 2271 971 2304 est
987 2266 1062 2304 ista
1083 2266 1195 2304 sedes
1216 2267 1416 2305 senectuti
1437 2273 1475 2305 et
1498 2266 1606 2304 hisce

259 2327 366 2366 canis
387 2332 586 2366 reservata
603 2330 623 2365 :’
657 2327 872 2379 explicavit
893 2328 1041 2367 deinde
1060 2328 1229 2367 mantile
1250 2330 1458 2376 rusticum,
1485 2342 1529 2367 ac
1556 2342 1604 2367 ex
