1861 2682
268 279 309 309 68
644 280 870 312 HISTORIA
894 280 1258 312 ECCLESIASTICA

270 376 388 405 sancta
404 372 479 416 ejus
498 373 663 406 memoria
676 373 731 405 die
744 380 781 405 V.
797 371 989 414 septembr.
1004 371 1235 416 Martyrolog.
1251 371 1403 404 Roman.
1419 375 1440 391 “
1455 371 1631 406 Monaste-

270 428 323 461 rio
341 427 457 460 Sithin
475 428 509 461 S.
528 428 666 461 Bertini
683 427 850 461 abbatis.”
892 426 1017 459 Petrus
1032 426 1183 459 Galesin.
1224 431 1245 445 “
1262 426 1304 460 In
1321 438 1411 471 pago
1430 426 1630 461 Tervauen-

270 484 299 516 si
318 483 352 516 S.
372 483 506 517 Bertini
524 484 671 523 abbatis,
688 495 805 517 rerum
823 483 1090 521 admirabilium,
1110 486 1143 514 et
1162 482 1255 515 vitae
1273 482 1477 516 coelestibus
1491 483 1631 516 virtuti-

270 540 334 572 bus
348 541 503 573 excultae
516 540 628 584 gloria
641 539 757 573 clari.'’
783 539 906 572 Franc.
921 538 1114 581 Maurolyc.
1129 537 1248 570 eodem
1259 538 1324 571 die.
1353 542 1374 557 ‘⁵
1385 537 1492 581 Apud
1505 538 1630 583 Belgas

272 596 308 628 in
323 596 439 629 Frude
453 595 560 629 fluvio
574 597 688 629 natale
701 595 736 628 S.
751 595 888 628 Bertini
903 592 1071 627 abbatis.”
1095 592 1119 625 J
1121 604 1198 626 oan.
1213 593 1251 625 M
1255 594 1375 627 olanus
1389 595 1426 627 in
1438 593 1515 627 Ind.
1529 594 1631 628 Sanc·

273 657 388 685 torum
406 651 532 696 Belgii,
551 656 585 684 et
602 651 725 684 Addit.
745 651 787 683 ad
806 649 1100 693 Martyrologium
1117 648 1282 683 Usuardi.
1333 649 1422 684 Vide
1437 651 1560 690 locum,
1580 656 1631 684 est

271 708 361 740 enim
380 707 509 751 insigni
527 707 638 751 elogio
656 707 789 749 plenus.
841 705 986 748 Scripsit

415 762 587 806 Regulam
606 762 861 795 strictissimam
880 761 1063 794 Fratribus
1189 761 1249 794 lib.
1269 770 1293 794 1.

413 818 660 850 Meditationes
1192 816 1250 850 lib.
1271 825 1294 850 Ι,

318 874 414 908 Obiit
433 884 524 906 anno
543 881 744 907 Dcxcvm.

751 986 785 1020 S.
813 986 1015 1020 BABILA.
1069 990 1084 1020 l
1092 985 1148 1020 26.

270 1100 304 1133 S.
324 1099 494 1137 BA131LA‚
513 1099 613 1143 virgo
632 1099 821 1138 Ursulana,
839 1099 932 1144 regis
949 1099 1087 1132 Siciliae
1104 1110 1146 1132 ex
1165 1099 1200 1132 S.
1219 1098 1385 1132 Geresina
1408 1099 1528 1144 regina
1551 1100 1630 1134 filia.

270 1155 361 1189 Vide
379 1155 438 1188 lib.
458 1164 482 1187 1.
502 1156 538 1188 in
556 1155 591 1188 S.
609 1153 812 1194 Adrianus,
832 1160 867 1187 et
884 1155 942 1188 lib.
963 1164 1032 1188 vn.
1051 1155 1110 1189 lib.
1131 1164 1203 1188 ΧΠ.
1224 1155 1282 1189 lib.
1299 1164 1385 1188 X1x.
1405 1155 1511 1195 Haec,
1526 1161 1565 1189 ut
1578 1167 1632 1189 so-

273 1221 378 1249 rores,
404 1221 474 1243 non
500 1215 571 1244 tam
598 1210 700 1244 Scota
725 1215 805 1243 ortu
830 1221 935 1253 quam
962 1210 1083 1244 Scotae
1108 1211 1188 1244 filia.
1240 1211 1366 1244 Petrus
1392 1211 1450 1244 lib.
1470 1220 1525 1244 lx,
1556 1223 1630 1254 cap.

273 1275 463 1300 LXXXVII.
515 1266 690 1300 Ecclesiae
715 1266 930 1299 Coloniensis
956 1271 1042 1305 acta,
1069 1266 1195 1300 Petrus
1223 1266 1441 1309 Cratepolius
1470 1267 1508 1300 in
1537 1268 1631 1300 illius

270 1323 587 1366 archiepiscopatus
612 1323 836 1360 successione,
866 1321 1018 1355 Joannes
1044 1321 1244 1355 Gualterius
1267 1322 1304 1354 in
1327 1321 1500 1356 Chronico
1523 1322 1632 1356 Chro-

269 1379 425 1411 nicorum
444 1389 521 1422 pag.
542 1386 710 1411 mcemx.

316 1433 424 1467 Passa
441 1439 493 1468 est
510 1444 601 1467 anno
619 1442 753 1466 CDLIV.
805 1433 942 1467 Colitur
960 1434 1016 1467 die
1034 1443 1122 1468 xxl.
1141 1434 1282 1468 Octobr.

636 1545 672 1579 S.
698 1544 926 1579 BOISILUS
950 1544 1125 1579 ABBAS.
1178 1548 1258 1583 127.

271 1659 306 1692 S.
326 1659 523 1698 BOISILUS,
541 1659 645 1692 abbas
664 1658 914 1698 Mailrosensis,
934 1664 954 1678 ‘⁵
972 1659 1175 1692 sublimium
1193 1659 1365 1693 virtutum
1383 1660 1572 1693 monachus
1597 1666 1629 1694 et

270 1716 457 1754 sacerd0s‚''
475 1716 525 1748 ait
544 1715 640 1748 Beda
658 1715 695 1747 in
710 1714 795 1747 Vita
809 1714 843 1747 S.
859 1715 1043 1748 Cuthberti
1062 1726 1136 1759 cap.
1151 1724 1203 1748 Vl.
1219 1715 1328 1748 Fama
1342 1716 1536 1749 sanctitatis
1550 1727 1632 1749 suae

269 1782 388 1815 sparsa
405 1772 526 1809 effecit,
545 1776 585 1804 ut
603 1771 694 1804 idem
712 1771 770 1804 ille
789 1771 825 1803 S.
845 1771 1059 1804 Cuthbertus
1078 1782 1113 1804 se
1132 1772 1162 1804 ei
1180 1772 1216 1804 in
1234 1771 1451 1814 disciplinam
1467 1772 1631 1810 traderet,

269 1832 309 1860 ut
327 1828 454 1860 ibidem
471 1828 536 1860 loci
554 1827 713 1860 habetur.
766 1827 863 1860 Idem
882 1827 1035 1860 famulus
1054 1826 1119 1859 Dei
1138 1827 1327 1860 moriturus
1346 1827 1445 1859 illum
1459 1828 1534 1871 jam
1559 1838 1631 1861 mo-

269 1884 419 1916 nasticae
437 1884 529 1916 vitae
548 1884 708 1916 tirocinio
725 1884 869 1916 decurso
888 1883 1103 1916 sanctissime
1122 1886 1293 1926 agentem,
1310 1882 1507 1915 salubribus
1521 1883 1631 1915 moni-

269 1939 314 1972 tis
332 1939 506 1977 informat,
525 1944 560 1972 et
577 1939 686 1972 totius
705 1939 798 1971 vitae
816 1938 996 1983 sigillatim
1014 1938 1186 1976 admonet,
1201 1949 1273 1981 cap.
1290 1946 1377 1970 V111.
1400 1937 1477 1971 Hoc
1491 1938 1521 1970 ei
1536 1949 1631 1983 mag-

268 1994 407 2027 nificum
427 1994 560 2039 affingit
578 1995 728 2038 elogium
751 1995 789 2026 in
814 1994 932 2026 eadem
957 1993 1031 2026 vita
1053 2004 1126 2036 cap.
1154 2002 1256 2026 XXII.
1306 1998 1327 2012 “
1344 1992 1572 2033 Venerabilis,
1597 2000 1631 2028 et

268 2061 346 2083 cum
364 2051 458 2082 omni
476 2050 738 2083 honorificentia
756 2049 987 2082 nominandus
1004 2060 1124 2082 servus
1143 2049 1275 2082 Christi
1299 2048 1464 2088 Boisilus,
1492 2050 1552 2092 qui
1576 2060 1630 2082 me

268 2107 304 2138 in
322 2105 542 2137 Mailrosensi
560 2105 770 2138 monasterio
788 2104 908 2147 (verba
925 2105 1034 2147 ipsius
1052 2109 1134 2137 sunt
1158 2104 1358 2148 Cuthberti)
1382 2104 1557 2147 quondam
1580 2116 1630 2137 se-

267 2171 335 2194 nex
352 2161 602 2193 adolescentem
620 2160 808 2199 nutriebat,
832 2164 866 2193 et
889 2161 980 2193 inter
1003 2161 1247 2193 enutriendum
1273 2164 1407 2198 cuncta,
1430 2170 1519 2203 quae
1542 2160 1627 2193 mihi

268 2223 367 2250 erant
385 2220 542 2254 ventura,
560 2216 762 2259 prophetica
780 2216 925 2248 veritate
943 2216 1149 2258 praedixit.”
1200 2215 1348 2259 Scripsit

409 2270 462 2303 De
481 2271 567 2304 Fide
584 2282 671 2315 quae
689 2282 750 2314 per
768 2271 984 2305 Charitatem
1002 2277 1168 2316 operatur
1284 2271 1343 2304 lib.
1364 2279 1388 2303 1.

409 2325 451 2359 In
469 2325 701 2372 Evangelium
721 2326 868 2361 Joannis
1279 2327 1338 2360 lib.
1360 2335 1386 2359 Ι.
