1861 2682
255 299 315 329 138
626 301 851 332 HISTORIA
875 302 1237 334 ECCLESIASTICA

256 401 359 434 quam
376 390 442 424 Dei
466 391 629 424 honorem
655 392 906 430 ambientibus3
938 392 1063 434 quibus
1091 393 1140 424 sic
1166 393 1267 425 anxie
1294 393 1540 433 laborantibus,
1569 401 1602 428 et

255 447 351 479 vario
365 448 558 480 animorum
572 452 669 480 motu
687 447 871 485 distractis,
885 447 1085 489 supervenit
1103 446 1136 478 S.
1156 446 1357 485 Malachias,
1376 453 1410 480 et
1426 450 1475 481 rei
1494 451 1602 483 totius

254 503 398 535 arbitrio
411 503 453 535 ad
467 514 502 534 se
516 504 628 535 delato
646 514 666 535 a
683 503 979 540 contendentibus,
999 502 1174 540 carolum,
1193 502 1281 534 lecto
1299 514 1341 535 ex
1354 504 1454 547 gravi
1468 506 1600 538 valetu-

253 558 333 590 dine
350 558 618 595 decumbentem,
637 558 772 590 vacanti
797 557 955 589 ecclesiae
977 557 1151 599 praefecit,
1174 558 1233 600 qui
1255 559 1311 600 pie
1333 559 1417 591 adeo
1440 564 1473 592 et
1495 561 1602 593 conti—

254 618 374 646 nenter
391 624 426 646 se
444 614 561 657 gessit,
582 618 621 645 ut
639 612 698 645 SS.
718 614 873 656 catalogo
891 612 1038 644 adscribi
1056 611 1162 645 fuerit
1179 614 1334 646 meritus.
1386 614 1530 657 Scripsit

397 668 536 701 Statuta
554 669 596 700 ad
614 667 804 700 Ecclesiam
823 677 921 699 suam
1208 668 1267 701 lib.
1288 677 1311 701 1.

396 725 506 767 Super
523 723 727 756 Sanctorum
746 723 925 754 Miraculis
1210 723 1269 756 lib.
1290 733 1313 756 Ι.

396 779 572 822 Epistolas
591 779 634 811 ad
651 778 868 810 Bernardum
887 782 921 810 et
939 777 1147 810 Malachiam
1209 779 1268 811 lib.
1289 788 1313 812 I.

394 834 540 868 Decreta
557 834 767 878 Theologica
1212 834 1270 867 lib.
1291 843 1315 867 Ι.

300 892 433 925 Claruit
451 902 504 923 an.
532 899 598 923 Mc.
650 890 684 922 S.
703 889 831 922 Davidi
849 889 982 922 Scotiae
999 890 1072 934 regi
1090 889 1203 922 fuerat
1221 901 1240 922 a
1258 891 1362 923 sacris
1380 890 1600 924 confessioni-

251 949 325 987 bus,
343 953 383 980 ut
405 949 441 980 in
465 948 539 991 ejus
564 947 637 979 vita
659 947 865 979 continetur.
916 944 1011 977 Sedit
1036 946 1135 978 annis
1159 954 1248 978 XIII.
1276 957 1344 989 quo
1369 958 1460 980 anno
1486 951 1601 979 tamen

251 1005 384 1042 obierit,
401 1014 470 1037 non
487 1003 706 1046 deprehendi,
724 1013 785 1034 nec
803 1012 871 1044 quo
889 1001 943 1033 die
961 1002 1102 1034 colatur.
1156 1001 1318 1034 Meminit
1339 1001 1464 1035 Petrus
1484 1003 1519 1034 in
1535 1002 1600 1035 Ca-

250 1062 364 1105 talogo
380 1060 438 1093 lib.
459 1069 496 1092 x.
515 1070 587 1102 cap.
607 1066 736 1091 XXVII.

686 1169 720 1201 S.
747 1167 1028 1201 CATHANUS.
1080 1171 1159 1205 237.

249 1283 282 1316 S.
302 1283 533 1321 CATHANUS,
552 1283 730 1325 episcopus
749 1282 786 1313 in
801 1280 980 1318 Hibernia,
994 1280 1143 1322 patriam
1155 1290 1252 1312 suam
1267 1280 1428 1318 deseruit,
1441 1284 1479 1312 ut
1495 1284 1515 1298 ‘⁵
1526 1285 1597 1312 stu-

249 1339 378 1372 diosius
396 1340 603 1371 monasticae
621 1338 729 1380 quieti
748 1340 894 1373 vacaret,
913 1340 947 1367 et
964 1346 999 1367 se
1023 1340 1135 1367 totum
1160 1336 1439 1378 contemplationi
1466 1336 1598 1378 impen-

249 1395 375 1433 deret,”
401 1395 449 1426 ait
476 1393 646 1437 Georgius
676 1392 858 1424 Neutonus
883 1390 1141 1422 archidiaconus
1165 1390 1433 1423 Dumblanensis
1460 1392 1496 1423 in
1524 1391 1597 1422 vita

249 1449 283 1481 S.
307 1449 421 1482 Blani.
473 1449 595 1491 Itaque
622 1449 659 1480 in
685 1447 833 1479 insulam
860 1445 1000 1484 Butam,
1024 1457 1110 1488 quae
1137 1445 1325 1478 Hebudum
1350 1457 1420 1478 una
1443 1447 1595 1479 occiden-

250 1506 353 1538 talem
371 1504 504 1537 Scotiae
522 1508 654 1547 partem
673 1503 811 1541 claudit,
832 1506 930 1534 vetus
949 1502 1062 1545 regiae
1079 1501 1229 1533 familiae
1248 1501 1408 1534 Stuartae
1432 1502 1596 1544 patrimo-

249 1561 358 1599 nium,
377 1572 453 1593 cum
472 1571 586 1593 sorore
605 1559 718 1591 Ertha
735 1558 924 1595 descendit3
945 1568 986 1588 ex
1003 1567 1071 1599 qua
1089 1567 1203 1588 sorore
1220 1567 1281 1599 per
1299 1557 1370 1588 vim
1388 1568 1408 1589 a
1426 1557 1595 1589 venustis-

249 1617 335 1649 simo
353 1617 564 1648 adolescente
582 1625 775 1657 compressa
792 1618 893 1645 natus
912 1612 945 1644 S.
965 1611 1106 1650 Blanus,
1124 1616 1164 1644 ut
1181 1612 1217 1643 in
1235 1612 1309 1655 ejus
1328 1612 1400 1644 vita
1425 1612 1593 1654 superiori

248 1672 336 1704 libro
349 1672 499 1704 dictum:
517 1672 575 1703 sed
590 1671 778 1707 Cathanus,
791 1670 912 1711 plenus
926 1668 1092 1699 bonorum
1108 1677 1249 1709 operum
1264 1672 1297 1699 et
1310 1668 1442 1699 dierum
1457 1668 1492 1699 in
1505 1667 1593 1699 bona

249 1732 433 1765 senectute,
451 1727 487 1758 in
507 1726 599 1759 Buta
617 1724 836 1762 obdormivit,
854 1724 945 1756 unde
962 1724 1035 1755 loco
1054 1722 1238 1755 Kilcathan
1255 1733 1390 1755 nomen.
1439 1722 1593 1764 Scripsit,

249 1783 329 1814 dum
349 1782 435 1814 inibi
453 1786 579 1826 ageret,

392 1838 636 1870 Meditationes
1107 1833 1167 1865 lib.
1187 1842 1211 1865 Ι.

391 1893 629 1926 Confessiones
647 1896 792 1924 secretas
1105 1889 1164 1920 lib.
1185 1898 1208 1920 I.

389 1948 442 1981 De
460 1949 530 1981 suis
548 1947 835 1990 Apparitionibus
1105 1944 1164 1976 lib.
1186 1952 1209 1976 Ι.

296 2005 458 2037 Florebat
475 2005 510 2036 in
528 2003 642 2036 Scotia
659 2014 748 2035 anno
767 2010 886 2034 CDLx.
905 2001 1042 2043 quando
1060 2000 1192 2031 venerit
1209 2010 1251 2031 ex
1271 1999 1449 2037 Hibernia,
1469 2005 1529 2031 aut
1557 2000 1593 2030 in

247 2061 396 2093 Domino
414 2059 669 2096 obdormiverit‚
687 2068 756 2090 non
774 2056 990 2098 deprehendi.
1042 2054 1177 2087 Colitur
1194 2063 1294 2086 XVII.
1313 2054 1410 2086 Maii.

686 2152 720 2185 S.
747 2149 1028 2183 CHILIANUS.
1080 2152 1159 2182 238.

249 2227 283 2260 S.
303 2226 539 2263 CHILIANUS,
558 2224 733 2257 orientalis
751 2222 916 2255 Franciae
934 2223 1119 2264 apostolus,
1143 2228 1177 2254 et
1202 2220 1461 2263 Herbipolensis
1488 2220 1592 2252 antis-

248 2288 311 2321 tes,
326 2292 452 2325 magna
463 2280 658 2314 sanctitatis
676 2279 878 2312 claritudine
896 2278 995 2316 vixit,
1013 2282 1047 2310 et
1065 2288 1141 2310 cum
1161 2277 1260 2310 sociis
1278 2277 1445 2318 martyrio
1463 2274 1593 2308 confec-

247 2344 314 2371 tus.
365 2337 454 2370 Vide
472 2336 563 2369 infra
580 2333 762 2368 Kilianus.
