1861 2682
650 285 822 318 GENTIS
847 283 1118 321 SCOTORUM,
1142 283 1230 315 LlB.
1253 284 1297 315 11.
1616 283 1657 315 69

438 379 685 413 Meditationes
1454 374 1514 408 lib.
1535 383 1559 407 1.

433 435 487 468 De
505 435 681 468 Trinitate
698 434 876 478 Excerpta
894 445 936 468 ex
953 433 998 466 D.
1017 432 1221 478 Augustino
1238 436 1272 465 et
1290 432 1367 465 aliis
1452 430 1512 463 lib.
1533 439 1557 463 Ι.

337 492 436 525 Obiit
453 502 545 524 anno
564 499 736 524 DCXL111.
761 495 900 524 sanctus
923 490 1075 523 habitus.
1114 488 1233 521 Uvion
1256 488 1315 520 lib.
1336 497 1394 521 111.
1420 487 1527 532 Ligni
1551 486 1654 520 Vitae

290 558 369 592 pag.
384 555 557 580 CCCCXII.
585 546 749 581 Meminit
763 551 797 580 et
810 546 1027 580 Trithemius
1042 545 1099 578 lib.
1117 553 1175 577 111.
1190 555 1264 587 cap.
1279 552 1419 576 CXXVI.
1456 543 1571 581 Quam
1586 553 1656 575 sce-

290 604 374 636 leste
399 602 508 647 Angli
534 613 636 636 suum
663 603 803 642 faciant,
830 602 993 641 viderint,
1018 612 1096 634 cum
1124 600 1291 634 Melrosia
1316 610 1452 643 semper
1477 599 1514 632 in
1538 598 1655 632 Scotia

289 657 404 691 fuerit.

764 771 800 805 S.
827 770 964 805 BEDA
991 771 1042 805 M.
1097 773 1176 804 128.

290 881 443 915 BEDAM
474 882 715 916 Venerabilem
745 883 810 916 etsi
842 894 961 917 omnes
990 883 1148 928 Anglum
1186 883 1326 922 faciant,
1365 883 1500 926 reperio
1538 886 1655 915 tamen

290 949 368 971 eum
395 949 457 971 nec
481 938 640 983 Anglum
667 939 769 972 domo
795 950 857 972 nec
883 939 1035 978 Scotum,
1061 940 1118 972 sed
1147 940 1185 972 in
1210 939 1326 972 Scotia
1356 939 1417 971 diu
1447 939 1586 977 vixisse,
1619 938 1655 970 in

290 994 422 1039 Anglia
447 995 538 1027 diem
570 1006 683 1034 suum,
715 994 774 1028 ubi
805 996 922 1028 omnia
950 1006 1013 1028 sua
1042 1006 1146 1039 opera
1175 995 1422 1034 elaboraverat,
1453 1005 1654 1038 supremum

290 1050 426 1083 obiisse.
479 1050 526 1083 H.
546 1050 670 1084 Boeth.
690 1051 749 1084 lib.
770 1060 824 1084 lx.
845 1050 980 1085 Histor.
999 1051 1090 1085 Scot.
1110 1063 1189 1096 pag.
1210 1060 1380 1084 CLXXXL
1409 1055 1430 1069 ‘⁶
1448 1050 1552 1083 Italia
1575 1061 1654 1083 cum

290 1106 440 1139 Albione
466 1117 529 1149 pro
555 1106 670 1140 Bedae
696 1108 914 1140 incunabulis
940 1108 1128 1146 contendit,
1154 1107 1388 1141 asserentibus
1414 1107 1513 1140 Italis
1539 1107 1655 1139 virum

290 1161 432 1194 Genuae
449 1167 582 1200 natum,
600 1163 796 1206 ibidemque
813 1164 974 1196 ultimam
997 1165 1140 1197 solvisse
1163 1164 1413 1202 necessitatem,
1436 1170 1557 1196 contra
1580 1164 1657 1196 vul·

289 1227 408 1261 garem
433 1218 614 1250 doctorum
639 1219 858 1256 sententiam,
884 1219 1174 1263 sepulchrumque
1199 1220 1274 1264 ejus
1304 1220 1341 1252 in
1371 1220 1421 1252 rei
1448 1219 1549 1252 fidem
1577 1219 1656 1252 hac-

290 1279 391 1305 tenus
417 1273 534 1306 eadem
561 1273 598 1305 in
624 1273 765 1306 civitate
790 1275 923 1306 cunctis
948 1275 1068 1308 haberi
1094 1276 1309 1315 venerabile3
1337 1287 1460 1308 verum
1481 1276 1656 1308 undecun-

289 1340 356 1373 que
381 1330 528 1362 traxerit
553 1329 734 1373 originem,
760 1334 794 1362 et
820 1329 1018 1373 ubicunque
1042 1331 1132 1364 djem
1159 1332 1331 1370 clauserit,
1358 1333 1442 1365 satis
1460 1336 1595 1365 constat
1613 1342 1655 1365 ex

289 1386 363 1430 ejus
389 1391 423 1419 et
449 1386 597 1419 aliorum
623 1385 762 1428 scriptis
789 1386 1039 1419 adolescentem
1066 1398 1145 1420 eum
1171 1387 1209 1419 in
1236 1387 1350 1426 Italia,
1377 1399 1493 1421 senem
1511 1389 1548 1420 in
1566 1387 1657 1421 Nor-

290 1441 479 1480 thumbria‚
505 1441 721 1485 frequentius
748 1442 840 1475 inter
864 1442 1003 1485 piorum
1029 1447 1166 1476 coetum
1191 1443 1321 1477 Melros
1349 1442 1521 1486 (abbatiae
1538 1455 1657 1477 mona-

291 1497 502 1541 chorumque
520 1498 674 1530 coenobii
692 1498 727 1530 id
745 1509 870 1532 nomen
888 1499 925 1531 in
942 1497 1125 1532 Scotorum
1143 1511 1239 1545 agro,
1256 1500 1483 1543 pientissimis
1501 1501 1598 1539 viris,
1622 1505 1657 1534 et

289 1554 451 1598 religioni
470 1564 605 1597 semper
628 1554 774 1593 devotis,
798 1554 960 1599 insignis)
984 1554 1161 1589 habitasse
1184 1556 1467 1600 diversatumque
1491 1567 1574 1596 esse,
1599 1568 1657 1589 ex-

290 1610 438 1644 tinctum
457 1621 539 1643 vero
558 1609 704 1643 Ethfino
723 1610 904 1644 Scotorum
923 1622 1004 1656 rege
1022 1612 1319 1646 administrante.''
1369 1612 1419 1646 Et
1436 1624 1479 1645 ne
1493 1614 1585 1646 solus
1600 1614 1657 1646 ille

288 1666 354 1699 hoc
391 1665 578 1699 affirmasse
613 1671 804 1706 censeatur,
841 1678 981 1701 concors
1017 1673 1069 1701 est
1103 1668 1263 1712 Raphael
1298 1668 1493 1712 Maphaeus
1530 1670 1656 1703 nobilis

290 1723 551 1761 Volaterranus,
577 1733 647 1755 non
672 1723 746 1755 sine
772 1724 967 1757 sanctitatis
993 1724 1177 1767 opinione:
1208 1726 1238 1758 is
1267 1725 1327 1758 lib.
1359 1734 1443 1758 XIV.
1474 1725 1657 1758 Commen-

289 1784 356 1813 tar.
386 1779 514 1823 pagina
544 1787 761 1811 CCCCXVIII.
792 1779 857 1812 hoc
886 1780 959 1812 ait:
995 1784 1016 1799 “
1042 1780 1250 1823 Depositum
1280 1781 1396 1814 Bedae
1430 1781 1572 1814 Genuae
1606 1782 1657 1814 vi-

291 1836 422 1874 situr;''
447 1839 482 1867 et
507 1834 584 1868 ideo
609 1846 735 1868 nomen
760 1836 875 1880 gentis
900 1835 1078 1870 Antonius
1102 1837 1246 1870 Coccius
1277 1838 1466 1871 Sabellicus
1496 1849 1567 1871 non
1598 1838 1657 1871 ad-

288 1892 383 1935 jecit,
423 1902 501 1923 cum
539 1902 617 1923 eum
657 1892 815 1924 laudaret
853 1891 1011 1926 Ennead.
1052 1902 1139 1926 V111.
1179 1894 1238 1927 lib.
1279 1903 1349 1927 V11.
1388 1905 1467 1939 pag.
1508 1902 1653 1927 DLV111.

292 1952 326 1980 et
366 1946 559 1980 Gulielmus
602 1947 936 1988 Malmesburiensis‚
980 1954 1014 1982 et
1061 1949 1255 1983 Gulielmus
1304 1950 1656 1983 westmonasterien-

291 2003 338 2036 sis
356 2014 434 2046 pag.
454 2012 509 2035 XI.
528 2002 683 2036 fatentur
700 2015 779 2037 eum
797 2016 904 2048 prope
922 2005 1073 2039 Scotiam
1092 2011 1226 2039 natum.
1266 2006 1356 2039 Sunt
1370 2011 1487 2039 tamen
1500 2006 1560 2050 qui
1573 2006 1656 2039 scri-

292 2059 379 2092 bunt
396 2059 481 2091 duos
500 2059 618 2091 eodem
636 2060 775 2092 nomine
793 2060 917 2100 Bedas,
936 2063 1067 2095 ordinis
1087 2063 1191 2095 etiam
1217 2062 1251 2095 S.
1270 2062 1462 2101 Benedicti,
1489 2063 1599 2095 literis
1623 2067 1657 2095 et

292 2115 475 2148 sanctitate
506 2115 542 2147 in
572 2115 718 2148 diversis
748 2115 912 2160 Europae
941 2118 1100 2160 partibus
1127 2119 1302 2157 claruisse,
1330 2123 1364 2152 et
1391 2118 1484 2151 hunc
1515 2118 1655 2162 quidem

292 2171 513 2204 Britanniam
531 2171 731 2210 illustrasse,
755 2172 853 2205 illum
876 2183 958 2206 vero
981 2173 1147 2218 Liguriae
1170 2186 1243 2208 esse
1261 2175 1375 2213 decus,
1400 2185 1421 2207 a
1438 2174 1562 2207 Carolo
1581 2174 1655 2207 Ma-

291 2238 362 2272 gno
385 2227 544 2265 accitum,
568 2232 608 2259 ut
630 2237 673 2259 ex
696 2228 769 2260 vita
791 2229 867 2272 ejus
883 2234 980 2272 patet
997 2241 1038 2262 ex
1055 2230 1144 2264 libro
1161 2236 1299 2264 vetusto
1317 2231 1517 2263 monasterii
1536 2230 1570 2262 S.
1589 2229 1655 2263 Be-

293 2283 392 2327 nigni
418 2293 525 2326 prope
555 2282 723 2321 Genuam,
753 2284 852 2328 cujus
882 2287 1048 2319 memoria
1072 2287 1236 2320 recolitur
1262 2295 1300 2320 x.
1330 2286 1477 2329 Aprilis.
1507 2285 1654 2319 Arnold.

294 2339 411 2372 Uvion
429 2340 489 2373 lib.
510 2348 569 2373 111.
590 2338 695 2384 Lign.
714 2338 818 2374 Vitae
840 2351 919 2384 pag.
946 2349 1088 2374 CXXXI.
1136 2341 1278 2376 Erroris
1302 2343 1400 2386 origo
1425 2342 1503 2374 inde
1526 2340 1655 2385 proflu-
