1861 2682
259 308 568 348 condonandum
610 307 784 352 rebatur,
827 305 898 358 qui
939 307 1024 345 fero
1062 306 1312 357 barbaroque
1356 319 1466 344 more
1511 320 1600 358 pro-

259 377 430 416 vocatus,
465 369 639 408 inhiberi
673 375 714 408 et
747 369 832 407 sisti
866 368 1028 408 difficile
1065 382 1106 407 se
1144 368 1384 420 patiebatur,
1423 368 1523 419 quin
1558 369 1600 406 in

257 446 370 471 voces
412 436 666 483 acceptarum
715 431 956 483 injuriarum
1004 431 1155 469 indices
1202 436 1484 482 prorumperet
1530 429 1601 468 ali-

255 494 442 546 quand03
474 507 573 545 quas
607 493 638 531 si
672 493 885 532 amariores
921 493 1120 532 senserint
1157 492 1383 538 adversarii,
1412 492 1600 530 desinant

256 555 504 601 maledicere,
543 569 594 594 ne
632 553 737 593 male
774 555 965 600 audiant;
1011 561 1082 593 aut
1120 554 1153 593 si
1186 568 1305 606 porro
1339 554 1525 600 insanire,
1560 560 1601 592 et

255 618 296 656 in
335 624 543 656 mortuum
577 617 726 655 saevire
759 615 907 663 volent,
942 616 1069 656 nolim
1107 616 1182 655 sibi
1217 615 1490 662 blandiantur,
1529 622 1601 654 aut

254 680 364 718 inani
403 679 593 731 opinione
631 677 819 724 illudant,
862 685 1067 731 sperantes
1110 679 1332 724 defuturos,
1372 678 1443 730 qui
1487 691 1599 716 suam

254 742 408 781 Scotiae
428 740 596 793 gloriam
616 747 763 780 sartam
784 746 933 779 tectam
954 746 1191 779 conservent
1210 746 1252 778 et
1267 745 1472 786 tueantur,
1492 745 1600 791 post-

255 818 389 842 umam
421 803 652 855 Dempsteri
683 803 831 842 famam
862 808 1040 841 asserant
1070 804 1119 841 ab
1150 802 1326 840 invidiae
1357 815 1494 840 morsu
1522 801 1600 840 illi-

253 867 398 904 batam.
455 865 647 917 Cogitent
672 864 776 903 nihil
801 878 884 903 esse
909 864 1035 916 magis
1065 865 1107 902 in
1136 863 1314 916 proclivi,
1344 877 1467 915 quam
1497 863 1598 902 cala-

254 942 365 966 mum
396 928 528 979 sepiae
557 940 712 966 veneno
741 926 945 965 imbutum
971 926 1081 978 apud
1108 925 1338 978 prurientes
1367 932 1598 978 temporum

255 996 483 1028 nostrorum
504 1002 619 1027 aures
639 989 867 1035 deonerare,
888 987 1211 1040 facillimumque
1231 986 1360 1026 laesae
1375 988 1596 1026 eruditioni

254 1066 302 1090 ex
318 1051 438 1090 alieni
455 1050 839 1089 hallucinationibus
855 1049 1110 1089 voluminum
1125 1049 1251 1088 moles
1265 1056 1482 1096 exstruere,
1496 1056 1536 1088 et
1549 1064 1598 1088 ex

255 1113 324 1151 illo
360 1126 555 1151 novorum
590 1112 798 1150 annalium
834 1112 1009 1151 fecundo
1040 1111 1287 1150 incertarum
1319 1112 1596 1150 narrationum

253 1175 523 1226 dictionisque
549 1173 688 1212 illuvie
713 1174 878 1212 horrido
908 1187 1048 1226 campo
1076 1175 1242 1212 uberem
1272 1174 1324 1212 ad
1350 1175 1596 1226 carpendum

253 1243 429 1289 segetem
463 1237 676 1274 demetere.
734 1234 820 1273 Nec
854 1235 1069 1286 quisquam
1102 1249 1252 1281 eorum,
1286 1236 1357 1287 qui
1388 1236 1598 1274 scribendo

254 1298 539 1338 inclarescendi
569 1296 776 1350 prurigine
811 1296 982 1348 flagrant
1013 1302 1055 1334 et
1080 1297 1296 1348 agitantur,
1326 1298 1384 1335 ita
1410 1299 1518 1336 omni
1550 1312 1599 1337 ex

254 1368 366 1413 parte
387 1361 576 1400 inventus
597 1365 657 1398 est
676 1360 828 1406 beatus,
850 1364 897 1397 ut
916 1359 966 1396 ab
986 1358 1146 1397 errandi
1167 1358 1347 1410 periculo
1374 1359 1599 1398 immunem

254 1439 295 1463 se
308 1424 413 1462 ausit
428 1422 625 1475 polliceri;
646 1421 701 1460 sic
717 1435 791 1460 nec
806 1434 1100 1473 usquequaque
1116 1420 1405 1472 Dempsterum
1422 1435 1444 1459 a
1465 1423 1599 1461 naevis

253 1487 402 1530 libero3
432 1486 556 1523 immo
585 1490 633 1523 ut
660 1483 867 1522 hominem
897 1488 1039 1522 natum
1069 1482 1200 1521 multa
1229 1496 1391 1535 peccare
1421 1485 1599 1536 potuisse

255 1549 466 1588 fatendum
487 1553 558 1593 est,
579 1553 620 1585 at
646 1551 818 1598 peccata,
845 1545 876 1584 si
904 1545 1137 1584 diuturnior
1166 1545 1249 1583 vita
1279 1546 1522 1597 contigisset,
1553 1553 1599 1584 ut

255 1611 532 1650 Christianum
554 1615 595 1648 et
615 1609 791 1654 doctum,
812 1613 884 1646 aut
904 1621 975 1646 sua
995 1612 1150 1659 sponte,
1170 1613 1242 1645 aut
1262 1608 1432 1646 candide
1448 1610 1497 1647 ab
1513 1609 1599 1647 aliis

255 1673 467 1718 monitum,
483 1672 605 1710 fuisse
621 1676 906 1709 correcturum.
951 1670 1071 1712 Quod
1086 1683 1179 1708 vero
1194 1676 1452 1722 praematura
1467 1678 1597 1709 morte

256 1736 369 1774 nobis
390 1741 552 1787 ereptus
572 1733 641 1772 ille
662 1747 743 1771 non
763 1732 910 1785 potuit,
936 1731 978 1770 in
1007 1737 1187 1770 extrema
1212 1731 1275 1770 his
1302 1731 1448 1784 vigiliis
1473 1733 1598 1784 impo-

256 1798 388 1836 nenda
408 1811 542 1842 manu,
572 1797 615 1834 in
638 1795 839 1840 limandis,
865 1807 1050 1846 novoque
1077 1807 1125 1832 ex
1153 1793 1297 1832 intima
1324 1800 1363 1832 et
1393 1795 1600 1833 recondita

256 1859 500 1911 antiquitate
521 1857 845 1897 observationum
866 1856 1044 1894 auctario
1064 1855 1372 1907 locupletandis,
1393 1856 1534 1895 sedulo
1559 1864 1599 1895 et

256 1921 438 1972 gnaviter
472 1920 673 1959 desudant
702 1918 933 1971 Dempsteri
964 1918 1077 1964 cives,
1111 1917 1185 1955 viri
1215 1918 1258 1955 in
1287 1917 1361 1956 hac
1390 1918 1599 1957 literarum

257 1982 453 2034 palaestra
472 1981 801 2021 exercitatissimi.
849 1981 963 2032 Opus
979 1994 1050 2018 cur
1071 1979 1276 2018 Historiae
1297 1979 1600 2020 Ecclesiasticae

258 2044 379 2082 titulo
399 2045 672 2096 proscriberet,
691 2043 762 2082 has
782 2042 926 2081 habuit
954 2055 1110 2081 caussas
1131 2042 1411 2094 Dempsterus.
1469 2043 1600 2081 Maxi-

255 2121 362 2146 mam
382 2114 537 2159 partem
557 2106 669 2145 labor
688 2106 819 2145 omnis
840 2106 881 2144 in
903 2119 949 2143 eo
969 2104 1231 2151 consumitur,
1252 2111 1300 2142 ut
1319 2119 1369 2143 ne
1390 2104 1601 2143 oblivionis

257 2170 431 2209 tenebris
471 2168 652 2207 involuta
689 2168 844 2206 Scotiae
883 2172 1112 2206 sanctorum
1151 2167 1344 2205 memoria
1386 2174 1601 2213 exarescat,

257 2232 441 2270 desintve
481 2230 653 2269 illustria
697 2236 738 2268 et
782 2229 1000 2268 domestica
1047 2227 1241 2280 exempla,
1288 2229 1436 2280 quibus
1484 2229 1601 2274 Scoti,

257 2294 327 2345 qui
366 2293 486 2332 hodie
521 2306 543 2331 a
576 2293 773 2344 majorum
808 2291 850 2328 in
885 2289 1089 2342 religionis
1124 2290 1305 2335 veritate,
1339 2291 1527 2336 moribus,
1562 2298 1602 2329 et

258 2356 455 2394 institutis
503 2360 762 2398 recesserunt,
806 2352 993 2404 deviique
1034 2365 1056 2390 a
1099 2352 1229 2403 prima
1273 2352 1450 2404 puritate
1493 2354 1603 2391 aber-
