1861 2682
635 227 806 260 GENTIS
831 226 1100 263 SCOTORUM‚
1126 225 1212 256 LIB.
1237 225 1294 255 IV.
1578 225 1638 255 227

284 323 508 366 complurima
525 322 627 361 edita,
647 322 705 354 sed
726 321 811 353 nihil
829 321 872 353 ad
890 330 1012 352 manus
1030 330 1123 352 meas
1143 317 1300 361 pervenit
1315 326 1322 348 :
1349 320 1469 349 extant
1487 320 1603 349 tamen

433 379 597 411 Poemata
616 377 870 422 elegantissima
1246 373 1304 405 lib,
1326 382 1348 405 1.

428 434 611 466 Orationes
629 432 894 466 facundissimae
1244 429 1303 462 lib.
1325 438 1348 461 Ι.
1366 436 1406 461 ut
1424 429 1533 461 aiunt.

428 488 542 521 Notae
559 490 602 521 ad
620 488 764 520 Florum
782 486 1024 530 Epitomasten
1247 485 1305 518 lib.
1327 493 1350 516 1.

332 545 496 578 Florebat
514 556 605 577 anno
625 553 655 577 Μ
661 552 739 576 Dxc
745 552 768 575 1.

703 654 930 688 JOANNES
955 654 1097 688 DUNS.
1149 656 1229 688 421.

286 769 474 802 JOANNES
497 769 609 808 Duns,
628 769 670 802 ab
688 769 829 801 ineunte
847 772 959 801 aetate
984 768 1028 800 D.
1056 767 1085 799 F
1088 768 1233 800 rancisci
1258 767 1427 800 familiam
1453 767 1641 811 ingressus,

284 831 356 858 tam
386 826 556 868 stupendo
585 825 654 858 fuit
683 824 814 868 ingenii
846 824 1014 861 acumine,
1046 828 1086 856 ut
1116 834 1243 866 paucos
1274 834 1373 866 pares
1402 823 1564 856 habuisse
1594 824 1646 855 ul-

286 883 318 914 la
336 886 449 914 aetate
467 886 656 914 censeatur.
695 885 715 898 “
728 880 859 913 Doctor
872 879 1130 918 subtilissimus,
1146 884 1180 911 et
1194 879 1353 922 princeps
1371 878 1644 922 theologorum.'⁷

286 937 438 979 Philipp.
466 937 507 969 de
534 936 789 981 Bagnacavallo
815 936 850 967 in
872 934 1016 977 praefat.
1042 935 1163 968 Limae
1188 934 1369 969 Veritatis.
1420 935 1492 967 Jul.
1520 934 1646 967 Caesar

286 992 439 1037 Scaliger
469 993 716 1025 exercitatione
752 992 788 1024 in
818 991 1018 1023 Cardanum
1046 999 1235 1024 CCCXXIV.
1280 995 1300 1009 ‘⁶
1326 990 1426 1023 Nihil
1455 996 1529 1023 erat
1554 991 1647 1033 quod

285 1060 405 1091 capere
434 1060 504 1081 non
534 1048 704 1091 potuisset
732 1047 838 1091 hujus
869 1046 936 1078 viri
960 1047 1141 1091 ingenium
1164 1048 1193 1079 si
1217 1051 1374 1090 tempora
1397 1046 1644 1089 permisissent,

285 1116 373 1146 quae
388 1109 463 1137 tum
478 1105 657 1136 literarum
673 1108 876 1135 ornamenta
889 1103 1123 1146 de11egabant3
1143 1114 1235 1136 nunc
1249 1103 1285 1135 in
1299 1103 1502 1135 scholastico
1518 1103 1576 1135 illo
1590 1113 1648 1134 ne-

286 1160 356 1192 scio
374 1161 553 1192 curiosone
571 1160 682 1202 magis
700 1170 745 1191 an
762 1159 840 1190 utili
859 1159 1073 1201 disceptandi
1092 1160 1134 1191 de
1151 1159 1255 1192 rebus
1274 1159 1378 1192 sacris
1397 1169 1532 1202 genere,
1560 1158 1648 1190 nihil

286 1227 326 1248 eo
349 1216 522 1253 subtilius,
548 1215 636 1246 nihil
662 1215 853 1247 absolutius
880 1215 962 1247 est.‘’
1013 1214 1385 1248 Joaehin1.'Vadianus
1404 1219 1588 1247 comment.
1612 1215 1647 1246 in

287 1272 437 1304 Melam:
456 1276 476 1289 ‘⁶
492 1270 702 1313 Theologica
719 1270 890 1312 sapientia
903 1270 1018 1302 clari.”
1052 1270 1106 1303 De
1121 1268 1150 1302 F
1151 1271 1361 1303 ranciscanis
1379 1270 1511 1303 Anton.
1531 1270 1647 1303 Sabel-

286 1328 340 1360 lic.
359 1327 517 1359 Ennead.
535 1334 589 1358 IX.
605 1325 664 1358 lib.
684 1333 734 1357 VI.
754 1326 789 1357 in
808 1326 1001 1368 principio:
1027 1330 1047 1344 ‘⁶
1060 1325 1323 1366 Bonaventura,
1342 1326 1364 1358 J
1367 1337 1494 1359 oannes
1513 1326 1646 1365 Scotus,

287 1384 315 1416 F
318 1384 491 1416 ranciscus
511 1382 703 1420 Maronius,
730 1381 938 1420 Richardus‚
963 1381 1129 1414 Nicolaus
1153 1381 1331 1425 Lyrensis,
1356 1387 1390 1415 et
1412 1383 1470 1414 alii
1492 1383 1650 1415 innume-

286 1441 327 1477 ri,
353 1450 434 1471 nam
459 1438 577 1471 florem
605 1437 781 1481 religionis
807 1438 1045 1482 attingimus.”
1085 1437 1187 1471 Joan.
1215 1438 1387 1471 Polemar.
1414 1438 1649 1472 Barcinonen-

287 1497 334 1528 sis
352 1495 411 1527 lib.
436 1495 478 1527 de
502 1493 607 1526 Civili
634 1493 799 1526 Dominio
825 1493 1038 1527 Clericorum
1064 1505 1144 1538 pag.
1172 1503 1319 1527 CCLXX.
1349 1499 1369 1513 “
1389 1494 1456 1527 His
1482 1485 1649 1527 addamus

288 1551 485 1588 Rabanum,
504 1549 648 1587 Bedam,
670 1549 869 1594 Hugonem,
896 1549 1113 1583 Richardum
1137 1551 1178 1583 de
1202 1549 1234 1582 S.
1252 1550 1403 1589 Victore,
1429 1550 1649 1588 Anselmuni,

287 1607 470 1640 Nicolaum
489 1607 531 1638 de
554 1605 661 1648 Lyra,
686 1605 718 1637 S.
742 1605 973 1645 Bernardum,
1001 1606 1174 1639 Thomam
1202 1607 1243 1639 de
1268 1606 1422 1649 Aquino,
1450 1607 1648 1645 Albertum,

287 1663 582 1699 Bonaventuram,
602 1661 746 1694 Petrum
765 1661 806 1693 de
825 1660 1043 1701 Tarantasio,
1063 1662 1216 1701 Scotum,
1235 1668 1268 1695 et
1283 1663 1398 1705 plures
1417 1663 1501 1695 alios
1520 1664 1579 1706 qui
1598 1675 1649 1696 ec-

287 1719 426 1752 clesiam
451 1717 517 1750 Dei
544 1717 615 1750 suis
640 1718 862 1750 illustrarunt
884 1718 1052 1760 scriptis.’'
1109 1718 1353 1751 Celebritatem
1380 1718 1524 1751 humani
1550 1720 1650 1751 intel-

288 1777 396 1808 lectus
426 1785 488 1817 per
518 1784 597 1806 eum
631 1773 818 1817 significari
854 1774 977 1806 volunt
1011 1773 1181 1818 Georgius
1215 1773 1370 1806 Venetus
1404 1776 1440 1807 in
1478 1775 1647 1808 Hal-mon.

288 1831 412 1863 Mund.
432 1835 466 1863 et
483 1829 616 1862 Anton.
637 1829 840 1861 Ricciardus
861 1829 1050 1863 Brixianus
1068 1831 1105 1862 in
1129 1830 1326 1873 Symbolica
1350 1830 1519 1864 Historia.
1549 1831 1646 1864 Paul.

287 1887 444 1930 Langius
500 1885 685 1930 Cygnaeus
744 1884 976 1918 Bosawiensis
1026 1887 1062 1918 in
1114 1886 1287 1919 Chronico
1338 1886 1507 1920 Citizensi
1559 1899 1649 1921 anno

290 1951 498 1975 MCCCXXX.
534 1946 554 1959 ‘⁶
579 1941 732 1973 «Ioannes
764 1940 888 1973 Scotus
918 1942 1050 1975 ordinis
1081 1942 1273 1981 Minorum,
1305 1943 1365 1986 qui
1402 1943 1445 1976 ob
1480 1945 1649 1987 perspica-

288 1999 427 2031 citatem
446 2002 479 2030 et
504 1997 746 2029 claritudinem
772 1997 904 2041 ingenii
931 1998 984 2030 sui
1009 1998 1172 2032 Doctoris
1190 1998 1335 2032 Subtilis
1360 2010 1485 2031 nomen
1511 2001 1649 2039 meruit,

288 2056 379 2087 inter
402 2058 554 2096 quatuor
578 2053 821 2095 principalium
841 2059 1012 2086 sectarum
1038 2055 1194 2087 doctores
1221 2055 1333 2088 locum
1352 2060 1472 2088 tenens
1496 2057 1649 2095 tertium,

288 2115 408 2148 sectae,
427 2120 515 2152 quae
533 2120 552 2141 a
570 2109 709 2140 nomine
728 2120 790 2141 suo
809 2108 1037 2142 Scotistarum
1064 2112 1269 2153 appellatur,
1295 2111 1365 2143 dux
1384 2116 1418 2144 et
1436 2112 1582 2156 signifer
1599 2114 1650 2146 in-

288 2166 521 2203 victissimus3
553 2165 613 2207 qui
639 2169 673 2197 et
697 2165 770 2207 ipse
796 2165 1015 2208 philosophia
1040 2167 1197 2205 seculari,
1225 2167 1457 2210 Peripatetica
1481 2169 1648 2204 videlicet,

288 2226 454 2259 armatus,
474 2221 629 2253 omnium
656 2226 735 2252 ante
759 2231 793 2252 se
819 2221 1043 2254 scribentium
1069 2222 1358 2267 theolog-istarum
1385 2225 1562 2266 opiniones
1588 2225 1649 2256 iin-

288 2277 470 2322 pugnavit,
498 2282 532 2310 et
559 2287 638 2310 suas
665 2281 820 2309 statuens
845 2281 1013 2319 quantum
1040 2279 1161 2318 valuit,
1186 2279 1310 2323 dejecit
1336 2285 1370 2312 et
1395 2280 1527 2318 di1·uit;
1555 2279 1648 2313 theo-
