1861 2682
441 328 517 357 Tres
533 327 592 358 imo
607 328 638 358 in
654 338 715 359 una
730 335 817 360 nocte
827 329 892 371 jam
909 330 1027 362 Scotiae
1042 331 1124 363 vides

436 377 599 418 Splenderc
615 379 701 416 soles,
718 379 821 411 lumen
837 387 867 411 et
883 381 975 412 vitam
991 382 1047 412 sibi

434 428 645 469 Impertientes
661 436 797 461 mutuam
811 443 819 466 ;
844 431 942 469 fallor,
959 432 1047 462 simul

433 478 508 509 Tres
524 479 597 510 dant
613 481 703 511 Scoto
717 482 781 511 orbi
797 481 897 512 lumen
915 489 944 512 et
960 482 1052 513 vitam
1066 495 1072 513 :
1098 490 1138 521 et,
1156 485 1236 526 quod
1252 493 1295 516 est

433 529 574 568 (Utinam
590 533 613 570 ἱ)
630 531 750 562 futurae
765 532 878 572 grande
893 533 1063 574 prodigium
1080 534 1133 572 rei,

431 579 502 610 Hoc
519 581 619 612 Scotia
635 582 737 612 melior
752 582 877 620 lumine,
894 583 950 614 hac
966 584 1028 614 vita
1044 585 1132 626 sapit,

429 630 473 661 Et
489 631 589 662 Scotia
605 632 701 673 surgit
717 633 831 671 melior,
848 640 878 665 et
893 634 997 665 melior
1012 635 1096 666 nitet.

831 780 1052 812 EJUSDEM.

426 882 615 919 Innumeros,
633 883 762 922 Thoma,
778 885 877 916 foetus
890 887 1031 926 producis
1047 888 1078 918 in
1094 899 1192 927 auras,

467 932 551 968 Quos
567 934 636 964 tulit
651 935 682 964 in
697 936 810 976 gremio
827 937 945 968 Scotica
960 944 1038 968 terra
1047 949 1116 969 suo.

422 982 484 1018 Qui
500 983 562 1020 fiet,
578 985 641 1025 qui,
658 985 682 1015 si
697 987 803 1027 genuit
819 993 848 1017 te
866 988 988 1018 Scotia?
1013 989 1131 1020 Forsan

467 1033 510 1063 Et
526 1034 634 1072 lucem,
651 1043 680 1066 et
695 1037 788 1067 vitam
804 1049 894 1078 quam
910 1039 1003 1076 dedit,
1019 1040 1084 1081 ipse
1099 1040 1198 1072 refers.

424 1083 452 1113 O
468 1083 544 1121 laus,
562 1086 590 1115 O
606 1086 701 1126 pietas
717 1089 723 1116 !
749 1088 846 1118 lucem
863 1100 931 1120 cum
947 1090 1037 1121 laude
1052 1091 1196 1129 refundis,

468 1135 511 1164 Et
527 1135 617 1166 vitam
633 1144 738 1178 gratus
753 1149 822 1170 cum
837 1140 949 1180 pietate
964 1141 1064 1173 refers.

842 1391 1023 1425 ΑΥΤΟΥ

781 1491 858 1527 ΕΙΣ
886 1491 1077 1528 ΑΥΤΟΝ.

425 1589 490 1630 Εἷς,
512 1590 628 1636 Θωμᾶ,
645 1590 771 1631 {mie-09,
791 1592 855 1628 οὐδὲ
872 1595 990 1637 σκότος,
1009 1597 1105 1641 μάλα
1122 1595 1174 1632 δ’ἐν
1192 1601 1344 1635 &nodio-m

472 1645 526 1680 Ἐν
544 1647 651 1693 πάτξᾳ
667 1651 731 1688 σοῦ,
751 1648 807 1683 καὶ
823 1651 960 1687 mim-031
979 1651 1156 1695 φωτοδότης.
