1861 2682
319 254 380 284 274
689 253 914 284 HISTORIA
939 252 1302 284 ECCLESIASTICA

322 350 396 377 trus
424 346 460 377 in
485 345 653 389 Catalogo
678 344 736 377 lib.
758 353 813 376 Ix.
832 354 904 386 cap.
924 351 1049 376 CXVII.
1101 343 1218 375 Trith.
1245 343 1287 375 de
1312 343 1420 376 illust.
1447 343 1522 376 Vir.
1550 342 1672 376 Ordin.

321 400 355 433 S.
383 400 563 434 Benedicti
589 411 662 442 cap.
691 408 832 432 LXXIv.
859 403 892 431 et
918 399 977 431 lib.
1005 407 1057 430 IV.
1083 409 1157 440 cap.
1185 406 1357 431 CXXXIX,
1409 397 1570 431 Vincent.
1599 399 1676 431 Bel-

320 458 471 489 lovacen.
498 457 557 489 lib.
586 464 699 488 XXIV.
731 455 865 497 Specul.
899 454 1033 487 Histor.
1065 464 1138 496 cap.
1167 462 1267 486 XVII.
1294 462 1412 486 XVIII.
1441 462 1527 486 XIX.
1579 454 1676 486 Obiit

320 523 410 545 anno
429 521 654 544 DCLXXXVI.
674 522 754 544 nam
773 511 860 542 sedit
879 511 1059 553 episcopus
1083 510 1119 541 in
1144 520 1271 553 magna
1296 510 1491 543 sanctitatis
1516 510 1677 553 opinione

319 569 418 600 annis
438 576 548 600 LXVI.

765 679 798 711 S.
830 677 1097 711 FINNANUS.
1150 676 1230 710 506.

320 790 354 823 S.
382 790 608 828 FINNANUS‚
635 791 708 823 sive
734 790 921 828 Sinnanus,
948 795 1009 822 aut
1037 790 1141 822 etiam
1170 788 1332 827 Sinanus,
1363 793 1402 821 ut
1432 789 1534 822 habet
1565 789 1676 821 Anto-

319 847 398 878 nius
417 846 628 878 Possevinus
652 846 822 888 Apparat.
848 846 941 878 Sacr.
968 856 1046 890 pag.
1067 853 1280 877 CCCCXLIV.
1306 855 1349 877 ex
1375 844 1591 877 Demochare
1616 845 1674 877 lib.

319 903 360 933 de
385 901 559 934 Sacrificio
591 902 720 934 Missae
748 910 805 934 111.
839 912 912 943 cap.
943 910 1008 934 XV.
1036 906 1069 933 et
1096 911 1168 942 cap.
1193 909 1340 933 XXXIX.
1369 900 1581 943 astipulante
1607 900 1673 933 Ar-

319 958 421 989 noldo
439 957 587 990 Uvione.
629 957 817 990 Monastici
836 957 904 990 fuit
922 957 1086 995 instituti,
1106 956 1236 989 Nennii
1254 957 1418 999 primum,
1436 967 1517 989 mox
1536 956 1672 1000 Segenii

318 1013 452 1046 abbatis
478 1014 691 1056 discipulus3
728 1013 870 1046 Huense
896 1013 1109 1051 coenobium,
1140 1013 1233 1055 quod
1263 1017 1367 1055 caput
1392 1013 1547 1045 omnium
1574 1013 1674 1045 habe-

318 1069 431 1108 batur,
457 1070 558 1107 rexit,
584 1074 658 1101 tum
683 1069 718 1101 S.
743 1068 883 1101 Aidano
907 1069 943 1101 in
969 1069 1168 1111 episcopatu
1195 1067 1473 1101 Lindisfarnensi
1499 1069 1672 1101 successit.

317 1123 468 1156 Joannes
496 1124 660 1157 Leslaeus
690 1124 746 1156 lib.
778 1133 829 1157 IV.
860 1135 939 1169 pag.
971 1133 1062 1157 CLX.
1126 1124 1181 1156 Ea
1210 1129 1301 1157 certe
1331 1128 1442 1157 aetate
1476 1124 1624 1167 episcopi
1656 1136 1675 1156 a

317 1180 427 1212 Scotis
458 1180 719 1218 ordinabantur,
751 1191 790 1212 ac
819 1181 855 1212 in
886 1180 1054 1224 Angliam
1084 1180 1241 1213 ecclesias
1271 1180 1399 1212 recturi
1434 1180 1671 1213 mittebantur.

316 1235 425 1268 Docet
452 1241 572 1268 auctor
596 1235 768 1279 Anglicus
795 1235 993 1268 Florentius
1020 1236 1302 1280 &Vigorniensist
1329 1240 1349 1254 “
1367 1236 1451 1268 Post
1470 1237 1672 1269 occisionem

315 1292 407 1336 regis
434 1292 569 1329 Osvini,
600 1291 761 1323 Aidanus
792 1291 936 1324 antistes
973 1300 1013 1323 11.
1050 1292 1180 1324 calend.
1218 1290 1390 1334 Septemb.
1428 1293 1472 1324 ad
1501 1293 1673 1324 coelorum

316 1358 423 1391 regna
440 1348 616 1391 migravit,
643 1347 741 1390 cujus
768 1347 918 1379 animam
945 1358 1031 1389 puer
1057 1347 1165 1380 bonae
1190 1347 1316 1379 indolis
1343 1346 1557 1380 Cuthbertus
1584 1348 1672 1380 vidit

316 1404 352 1435 in
377 1405 508 1436 coelum
534 1403 616 1435 ferri
645 1402 687 1434 ab
713 1403 855 1446 angelis,
883 1414 952 1445 quo
978 1403 1141 1436 defuncto
1169 1402 1325 1435 Finanus
1351 1414 1414 1445 pro
1439 1403 1498 1435 illo
1524 1404 1671 1447 gradum

314 1460 543 1502 episcopatuS,
569 1470 589 1490 a
611 1459 721 1491 Scotis
745 1459 925 1491 ordinatus
951 1470 990 1491 ac
1013 1459 1151 1497 missus,
1178 1459 1341 1501 accepit.''
1393 1458 1525 1492 Eadem
1553 1460 1673 1492 verba-

316 1516 379 1548 tim
398 1521 478 1547 ante
496 1516 594 1547 illum
621 1515 727 1553 Beda,
754 1515 814 1558 qni
840 1515 983 1557 insuper
1009 1515 1116 1554 addit,
1146 1519 1166 1533 “
1185 1515 1227 1547 In
1254 1515 1369 1547 insula
1394 1514 1672 1548 Lindisfarnensi

317 1570 398 1603 fecit
424 1571 600 1603 ecclesiam
626 1571 810 1613 episcopali
837 1571 907 1602 sedi
935 1581 1134 1615 congruam,
1161 1581 1266 1614 quam
1292 1575 1409 1603 tamen
1434 1582 1529 1604 more
1555 1570 1672 1605 Scoto-

314 1637 404 1665 rum,
423 1638 492 1659 non
510 1627 551 1658 de
569 1627 692 1669 lapide,
711 1627 770 1658 sed
788 1627 829 1658 de
847 1626 968 1659 robore
986 1630 1078 1659 secto
1097 1630 1206 1659 totam
1224 1626 1427 1669 composuit,
1446 1631 1550 1670 atque
1568 1638 1671 1660 arun-

316 1683 395 1715 dine
427 1683 525 1720 texit,
551 1693 655 1725 quam
686 1687 840 1724 tempore
865 1683 1022 1724 sequenti
1053 1682 1360 1714 reverendissimus
1392 1682 1669 1726 archiepiscopus

314 1740 351 1771 in
369 1739 534 1771 honorem
554 1738 596 1770 B.
616 1738 711 1771 Petri
731 1738 878 1781 apostoli
896 1738 1089 1770 dedicavit:
1108 1738 1165 1770 sed
1185 1738 1364 1780 episcopus
1383 1738 1448 1770 loci
1466 1738 1560 1771 illius
1578 1738 1672 1772 Ead-

315 1795 444 1832 bertus,
463 1794 577 1826 ablata
595 1794 775 1832 arundine,
790 1794 923 1836 plumbi
942 1794 1080 1826 laminis
1099 1804 1173 1826 eam
1192 1798 1312 1832 totam,
1331 1793 1394 1826 hoc
1413 1798 1475 1832 est,
1492 1798 1620 1826 tectum
1636 1800 1670 1828 et

313 1852 406 1893 ipsos
428 1861 565 1893 quoque
591 1851 738 1892 parietes
765 1850 850 1894 ejus,
878 1850 1044 1892 cooperiri
1071 1849 1237 1881 curavit.''
1288 1848 1390 1881 Acris
1417 1850 1447 1881 ei
1473 1855 1507 1882 et
1533 1851 1671 1884 diutina

314 1907 489 1939 contentio
515 1917 593 1938 cum
620 1907 781 1949 quodam,
809 1906 968 1938 Romano
998 1906 1146 1943 nomine,
1177 1905 1218 1937 de
1248 1916 1317 1947 quo
1347 1904 1438 1937 infra
1464 1905 1529 1938 hoc
1556 1917 1669 1948 opere.

315 1962 539 1994 Sanctissima
565 1963 674 2004 ipsius
705 1962 746 1994 ad
777 1961 1043 2004 Ferquhardum
1070 1972 1185 2004 regem
1214 1961 1346 1993 monita
1371 1961 1476 1993 habes
1502 1963 1594 2004 apud
1622 1962 1668 1995 H.

313 2017 501 2050 Boethium
527 2017 585 2049 lib.
607 2026 661 2049 IX.
690 2016 824 2049 Histor.
852 2016 942 2048 Scot.
970 2028 1048 2060 pag.
1074 2025 1258 2048 CLXXVII.
1311 2016 1485 2049 Henricus
1514 2017 1670 2051 Huntin-

313 2074 487 2106 doniensis
511 2073 569 2105 lib.
591 2082 649 2105 111.
673 2084 751 2116 pag.
771 2080 876 2104 CXCI.
928 2072 1110 2115 Reliquiae
1135 2072 1245 2114 ipsius
1272 2077 1306 2105 et
1332 2073 1517 2105 memoriae
1542 2084 1670 2118 magna

314 2129 519 2162 solennitate
537 2128 858 2171 frequentabantur,
877 2128 1080 2170 priusquam
1102 2128 1275 2161 haeretica
1299 2128 1411 2161 rabies
1436 2133 1575 2171 patrum
1600 2141 1669 2162 me-

314 2186 424 2217 moria
442 2184 677 2217 Christianam
697 2184 859 2226 pietatem
882 2195 900 2215 e
922 2195 1029 2228 regno
1052 2184 1111 2216 illo
1135 2184 1355 2217 eliminasset.
1409 2183 1527 2229 Hujus
1552 2189 1667 2218 tamen

314 2242 408 2273 nulla
426 2241 462 2273 in
481 2240 734 2284 Martyrologio
753 2239 912 2271 Romano
929 2240 1069 2272 mentio.
1121 2238 1266 2282 Scripsit

460 2297 528 2330 Pro
547 2297 654 2330 veteri
674 2295 852 2329 Paschatis
872 2294 959 2328 Ritu
1227 2295 1284 2328 lib.
1306 2304 1329 2328 1.
