1861 2682
599 256 769 288 GENTIs
796 255 1064 292 SCOTOIIUM,
1090 255 1175 285 LIB.
1200 255 1255 285 VI.
1549 257 1609 286 279

251 349 345 381 ribus
364 349 436 381 suis
456 357 542 381 VIII.
561 348 710 386 secessit,
729 347 1054 391 religiosissimeque
1072 347 1177 391 liujus
1197 348 1288 380 vitae
1312 346 1446 390 fragilis
1469 351 1607 389 peracto

251 416 364 443 cursu,
395 411 429 438 et
456 405 615 437 divorum
644 415 788 436 numero
811 404 970 446 ascripta,
995 409 1028 436 et
1053 404 1227 437 miraculis
1250 404 1435 447 gloriosam
1460 403 1513 435 sui
1539 414 1607 434 me-

252 461 395 493 moriam
415 461 565 503 reliquit.
618 460 706 492 Vide
729 459 786 492 lib.
809 468 859 491 IV.
879 460 914 491 in
932 457 1152 498 Donevalclo,
1172 465 1207 492 et
1224 460 1283 492 lib.
1305 468 1376 491 XII.
1404 459 1439 490 in
1459 457 1607 491 Mazara

252 515 314 547 hoc
332 527 444 558 opere.

301 570 437 604 Floruit
454 582 545 603 anno
566 579 727 603 DCCXVI.
784 571 1028 603 Sanctissimae
1046 571 1212 614 reliquiae
1230 570 1424 603 Abernethi
1444 577 1553 603 erant.

706 681 740 713 S.
769 681 1009 715 FINTANA.
1061 684 1142 714 513.

250 794 284 825 S.
312 793 501 825 FINTANA
526 793 636 837 virgo,
659 793 724 825 sub
746 793 906 826 Conrano
932 805 1012 838 rege
1038 795 1081 827 ab
1104 795 1220 827 eodem
1245 795 1402 828 antistite
1427 796 1610 828 sanctimo-

250 849 375 881 nialem
395 850 528 887 induta,
547 850 664 881 eodem
684 850 719 881 in
739 849 901 881 coenobio
919 861 997 882 cuin
1016 850 1050 882 S.
1071 850 1164 882 Ot'na
1189 851 1485 883 continentissime
1511 852 1609 888 vixit,

248 905 434 948 eodemque
452 906 517 944 die,
538 905 711 937 communi
731 906 832 937 etiam
853 906 934 937 aede
953 917 1059 945 sacra,
1084 908 1444 939 commemorationem
1471 909 1607 940 meruit.

249 960 339 993 Acta
358 962 547 1004 perierunt.

298 1017 433 1051 Claruit
451 1029 542 1051 anno
561 1026 704 1050 DXXVI.
756 1018 893 1051 Colitur
910 1018 965 1050 die
985 1027 1074 1050 XIII.
1094 1018 1267 1052 Octobris.
1308 1019 1465 1052 Breviar.
1485 1019 1608 1053 Scotic.

683 1129 717 1161 S.
746 1129 1039 1163 FOILLANUS.
1092 1133 1173 1163 514.

249 1241 283 1274 S.
313 1242 548 1274 FOILLANUS
577 1241 685 1274 frater
711 1241 771 1274 SS.
806 1242 951 1274 Fursaei
984 1248 1018 1275 et
1052 1242 1185 1282 Ultani,
1213 1243 1304 1277 filius
1333 1245 1489 1278 Fhiltani
1520 1247 1610 1290 regis

250 1297 449 1336 Hiberniae,
486 1302 526 1330 ut
560 1298 671 1330 voluit
704 1298 904 1342 Sigebertus
936 1297 1193 1332 Gemblacensis
1224 1301 1261 1332 in
1291 1300 1474 1340 Chronico,
1505 1314 1610 1345 nepos

251 1354 418 1387 Brendini
438 1354 529 1398 regis
548 1353 742 1393 Scotorum,
766 1354 934 1398 Gelgethe
957 1354 1028 1386 filia
1051 1354 1177 1387 Adelfii
1203 1356 1322 1389 fratris
1349 1357 1424 1401 ejus
1449 1359 1609 1402 genitus3

251 1416 286 1443 at
310 1410 433 1442 falsam
453 1416 487 1442 et
510 1421 688 1443 erroneam
715 1421 788 1443 esse
814 1410 1012 1453 opinionem
1038 1411 1250 1445 convincunt
1276 1414 1396 1445 multa.
1448 1414 1612 1447 Auctori-

249 1472 302 1499 tas
330 1466 483 1508 primum
513 1465 702 1498 Trithemii
730 1466 789 1500 lib.
818 1475 878 1499 111.
906 1467 948 1498 de
975 1465 1051 1499 Vir.
1079 1467 1188 1501 illust.
1216 1468 1339 1501 Ordin.
1367 1470 1402 1502 S.
1430 1470 1609 1503 Benedicti

251 1533 323 1565 cap.
340 1530 513 1554 LXXXVI.
533 1525 554 1539 “
569 1521 603 1554 S.
620 1522 805 1561 Fursaeus,
824 1523 964 1555 natione
982 1522 1115 1562 Scotus,
1135 1524 1238 1557 abbas
1258 1526 1458 1558 monasterii
1478 1525 1613 1560 Chaob-

251 1578 434 1622 hesburg.''
446 1583 479 1610 et
491 1588 565 1620 cap.
580 1586 755 1611 LXXXIX.
772 1583 791 1597 ‘⁶
806 1578 840 1611 S.
857 1578 1033 1618 Follanus,
1049 1580 1187 1613 natione
1202 1581 1335 1619 Scottis,
1351 1582 1459 1614 frater
1473 1581 1506 1615 S.
1523 1583 1612 1615 Fur-

250 1635 351 1667 saei.'’
407 1633 500 1667 Tum
528 1634 634 1667 verba
659 1635 893 1678 antiquissimi
924 1637 1073 1668 auctoris
1105 1638 1280 1679 anonymi,
1311 1649 1413 1681 quem
1443 1638 1610 1672 Laui-ent.

250 1691 373 1723 Surius
400 1695 483 1723 tom.
504 1699 539 1723 v.
567 1691 715 1723 inseruit
741 1692 796 1723 die
822 1691 945 1724 Octob.
972 1700 1090 1723 XVIII.
1118 1694 1410 1726 communicatum
1433 1706 1453 1727 a
1476 1695 1611 1728 Joanne

251 1746 419 1784 Charlier,
437 1747 635 1789 praeposito
653 1747 813 1779 ecclesiae
832 1747 866 1779 S.
886 1747 1049 1780 Mononis
1068 1749 1268 1792 collegiatae
1286 1750 1323 1782 in
1342 1750 1525 1783 Leodiensi
1545 1757 1612 1784 ter-

250 1803 392 1835 ritorio:
422 1806 444 1821 “
463 1802 642 1834 Oriundus
661 1813 703 1834 ex
722 1802 847 1841 Scotia,
872 1814 961 1846 quae
984 1805 1111 1836 multos
1136 1809 1346 1843 sanctorum,
1375 1807 1469 1838 velut
1495 1808 1610 1839 stellas

250 1857 417 1896 lucifluas,
436 1859 479 1890 ad
497 1859 652 1891 diversas
670 1859 792 1891 mundi
812 1860 1005 1892 transmisit
1024 1865 1150 1902 partes,
1177 1866 1217 1892 ut
1241 1860 1309 1894 fuit
1332 1863 1505 1904 pretiosus
1532 1874 1611 1896 con-

251 1913 358 1946 fessor
378 1913 562 1953 Fursaeus,
581 1926 684 1957 quem
704 1915 860 1947 Patrona
886 1916 1012 1948 retinet
1037 1917 1127 1948 laeta
1152 1927 1230 1949 cum
1249 1928 1311 1950 suo
1329 1917 1437 1951 fratre
1457 1918 1608 1955 Ultan0;

251 1974 285 2002 et
310 1969 490 2002 Foillanus
516 1981 636 2002 eorum
662 1971 781 2009 frater,
808 1972 926 2015 magni
951 1972 1066 2004 meriti
1089 1972 1153 2011 vir,
1180 1974 1278 2017 cujus
1307 1975 1501 2016 praesentia
1529 1975 1611 2007 Cas-

250 2031 343 2057 trum
374 2026 567 2069 congaudet
598 2026 784 2067 Fossense3
818 2027 851 2059 S.
883 2039 1020 2071 quoque
1051 2027 1253 2067 Bertuinus,
1284 2030 1318 2062 S.
1351 2030 1615 2075 Fredegandus,.

251 2092 382 2113 necnon
409 2080 444 2113 S.
464 2080 648 2124 Eloquius,
675 2082 850 2115 confessor
867 2084 1081 2128 magnificus,
1108 2095 1211 2127 quem
1230 2085 1489 2119 XValciodorum
1510 2098 1610 2120 vene-

251 2141 349 2168 ratur
368 2136 581 2175 coenobium,
600 2138 726 2180 aliique
750 2140 942 2181 complures
964 2141 1085 2179 sancti,
1110 2152 1257 2183 quorum
1282 2153 1467 2175 numerum
1491 2148 1524 2175 et
1550 2155 1608 2176 no-

250 2193 345 2224 mina
363 2197 481 2224 sancta
499 2193 824 2234 praedestinationis
839 2196 992 2228 continet
1007 2196 1124 2229 liber.''
1164 2197 1391 2242 Magnificum
1410 2198 1474 2231 hoc
1493 2210 1609 2231 mona—

250 2248 393 2280 sterium
423 2249 514 2280 dono
544 2254 578 2281 et
606 2249 812 2282 liberalitate
847 2250 1030 2284 Gertrudis
1059 2253 1206 2297 virginis
1234 2255 1419 2291 exstruxit,
1451 2266 1489 2287 ac
1519 2266 1608 2287 mar-

251 2304 342 2346 tyrio
369 2304 507 2336 tandem
534 2310 729 2338 coronatus.
782 2305 946 2339 Meminit
964 2307 1060 2341 Beda
1077 2308 1136 2341 lib.
1156 2317 1215 2342 111.
1242 2309 1442 2344 Ecclesiast.
1473 2310 1606 2344 Histor.

873 2365 894 2395 2
914 2370 937 2394 o
