1861 2682
569 241 740 273 GENTIS
766 240 1035 278 SCOTORUM,
1062 241 1147 272 LIB.
1174 241 1235 271 ΙΙΙ.
1520 242 1580 274 169

221 336 472 370 Constantinus
486 335 541 368 hic
560 340 677 368 noster
694 333 894 370 censenduS,
912 334 1011 378 cujus
1029 333 1200 378 gloriosae
1225 333 1391 376 reliquiae
1415 332 1578 366 Coloniae

221 393 372 425 claustro
397 391 475 424 RR.
502 391 571 423 ΡΡ.
595 390 948 435 Augustinianorum‚
975 394 1013 422 ut
1036 390 1140 422 habet
1166 389 1383 432 Cratepolius
1410 388 1470 421 SS.
1495 389 1580 421 Ger-

220 459 312 481 man.
326 459 405 491 pag.
424 456 522 479 XL11.
562 447 746 489 Scripsisse
762 446 870 478 videri
886 449 999 487 potest
1016 446 1158 488 aliquid,
1175 446 1234 478 sed
1252 456 1294 478 ne
1309 445 1421 488 apices
1439 445 1580 488 quidem

221 508 419 545 supersunt.
473 503 600 535 Passus
619 507 671 535 est
689 513 780 535 anno
798 509 931 534 CDLIV.
984 501 1121 534 Colitur
1139 509 1224 533 XXI.
1245 501 1385 534 Octobr.

657 598 767 630 GUL.
795 596 1021 631 CARRIUS.
1074 598 1154 633 291.

221 670 464 702 GULIELMUS
483 670 637 709 Carrius,
658 681 718 703 seu
737 670 858 708 Carus,
877 670 983 703 nobili
1002 670 1039 702 in
1057 669 1173 702 Scotia
1190 669 1297 711 sfirpe
1315 669 1495 707 oriundus,
1519 669 1580 702 diu

222 726 475 770 peregrinatus,
495 726 607 759 Roma
625 727 735 759 redux
754 727 789 758 in
813 725 945 770 Anglia
968 725 1218 768 aliquantisper
1241 724 1409 763 substitit,
1433 724 1493 757 ubi
1517 726 1581 757 mi-

220 787 332 815 sertus
351 782 444 814 illius
462 783 580 825 populi
600 794 619 815 a
643 782 753 814 Danis
775 781 970 814 infidelibus
996 783 1080 814 adeo
1106 782 1229 814 misere
1253 781 1418 823 oppressi,
1443 781 1581 823 scripsit

219 839 399 882 quaedam,
417 849 505 881 quae
523 844 642 881 postea
660 839 696 870 in
714 838 808 870 illius
825 838 1008 881 gentilium
1028 848 1151 869 manus
1169 848 1247 869 cum
1271 837 1501 875 devenissent,
1525 847 1581 880 pe-

220 895 364 932 rierunt,
383 899 423 926 ut
441 905 483 927 ex
502 895 612 927 Foxio
630 894 801 927 haeretico
820 893 1009 925 Parsonius
1027 892 1049 925 J
1052 893 1163 925 esuita
1180 893 1331 925 ostendit
1350 893 1486 926 alicubi.

366 949 524 983 Historia
542 950 692 982 Cariana
1091 949 1149 981 lib.
1170 959 1193 981 Ι.

268 1006 364 1039 Haec
382 1007 529 1039 historia
547 1007 676 1049 scripta
694 1006 833 1039 videtur
851 1016 941 1038 anno
960 1013 1155 1037 DCCCCXL.

591 1101 708 1134 THO.
736 1100 1080 1134 CONFERENUS.
1134 1104 1213 1138 292.

220 1175 393 1207 THOMAS
417 1174 644 1213 Conferenus,
678 1175 862 1207 canonicus
894 1174 1064 1217 regularis
1095 1172 1379 1218 Augustinianus
1405 1175 1442 1207 in
1466 1176 1581 1208 insula

219 1230 315 1263 Maia
332 1230 519 1273 professus,
538 1230 593 1262 vir
611 1241 739 1274 magna
756 1230 936 1262 nobilitate
950 1230 1066 1267 seculi,
1080 1240 1142 1262 nec
1154 1230 1287 1263 minore
1305 1231 1342 1263 in
1355 1231 1465 1265 literis
1481 1233 1582 1264 meri-

219 1292 265 1325 to,
285 1286 533 1319 clarrissimum
552 1280 629 1318 aevi
649 1286 702 1318 sui
713 1285 830 1329 jubar,
844 1285 953 1317 frater
966 1284 1144 1327 Rudolphi
1158 1286 1251 1318 illius
1266 1286 1462 1326 Confer-eni,
1479 1299 1582 1332 quem

219 1341 407 1375 Eduardus
427 1341 455 1374 Ι.
474 1341 625 1386 Angliae
643 1352 705 1374 rex
723 1352 800 1373 cum
820 1351 1004 1373 numeroso
1022 1341 1177 1373 exercitu
1201 1347 1322 1375 contra
1345 1343 1496 1376 Scotiam
1519 1345 1583 1376 mi-

222 1402 325 1436 serat,
344 1402 384 1430 ut
403 1403 523 1430 narrat
545 1397 737 1441 Polydorus
755 1396 926 1441 Virgilius
952 1396 1011 1429 lib.
1037 1405 1137 1429 XVII.
1166 1397 1261 1430 Hist.
1284 1398 1392 1443 Angl.
1412 1400 1471 1432 sed
1489 1399 1583 1432 Tho-

221 1464 305 1492 mas,
324 1453 456 1496 patriae
475 1464 606 1492 amans,
625 1453 735 1486 suasit
758 1463 858 1496 saepe
882 1452 983 1485 fratri
1008 1464 1050 1485 ne
1074 1452 1211 1486 infestis
1230 1455 1336 1487 armis
1354 1456 1505 1498 patriam
1523 1467 1582 1499 pa-

220 1513 403 1552 rentesque
428 1508 622 1551 impeteret.
670 1509 793 1552 Itaque
820 1509 918 1541 varia
943 1509 1138 1542 eruditione
1164 1510 1311 1554 insignis
1330 1511 1469 1554 scripsit
1489 1512 1581 1551 haec,

220 1576 368 1608 quorum
387 1576 430 1598 ex
448 1564 566 1598 Indice
585 1565 727 1598 Maiano
746 1567 1027 1598 nomenclatura:

363 1621 479 1664 Epist.
498 1622 542 1654 ad
560 1622 787 1665 Rudolphum
805 1621 966 1654 Fratrem
988 1622 1047 1654 lib.
1068 1631 1091 1654 1.
1119 1622 1250 1655 Contra
1267 1623 1463 1656 Bachonem
1482 1625 1541 1657 lib.
1558 1634 1580 1656 1.

362 1677 414 1710 De
433 1678 694 1711 Mathematicis
991 1678 1050 1710 lib.
1072 1688 1095 1711 Ι.
1124 1679 1249 1721 Optica
1481 1681 1540 1714 lib.
1559 1690 1580 1712 1.

266 1733 417 1767 Vivebat
435 1746 526 1767 anno
546 1743 724 1767 Mcecxx.
761 1734 842 1767 Non
860 1734 928 1767 fuit
945 1745 1024 1766 cum
1043 1735 1119 1767 aliis
1139 1735 1223 1768 viris
1238 1736 1347 1768 doctis
1363 1735 1478 1768 Scotia
1492 1737 1582 1770 able-

219 1795 321 1834 gatus
340 1790 383 1822 ab
401 1789 568 1823 Eduardo
586 1795 746 1833 tyranno,
766 1791 848 1833 quia
865 1795 942 1823 tum
959 1790 1016 1822 ille
1035 1789 1167 1823 Romae
1185 1796 1270 1829 erat,
1295 1792 1434 1835 negotia
1451 1793 1581 1825 ordinis

220 1847 274 1879 sui
292 1857 492 1889 procurans,
512 1851 547 1880 et
564 1857 640 1880 sero
658 1847 800 1879 domum
818 1847 932 1879 rediit.

655 1943 766 1976 ROB.
794 1942 1007 1976 CALDER.
1060 1946 1140 1980 293.

224 2013 438 2046 ROBERTUS
457 2014 582 2047 Calder
600 2015 733 2054 Scotus,
752 2027 843 2048 unus
868 2027 886 2048 e
909 2015 1134 2048 nobilissimis
1158 2017 1351 2050 academiae
1377 2017 1582 2051 Parisiensis

222 2069 429 2108 doctoribus,
448 2075 560 2103 rector
577 2076 651 2104 erat
668 2082 746 2104 cum
765 2072 887 2116 ingens
913 2083 953 2104 ea
979 2073 1215 2106 controversia
1239 2074 1331 2106 inter
1355 2074 1526 2107 scholares
1548 2080 1581 2107 et

221 2126 312 2157 cives
338 2125 462 2158 accidit
487 2130 641 2169 tempore
668 2126 822 2170 Philippi
847 2129 938 2172 regis
966 2129 1099 2169 Primi3
1127 2131 1245 2174 itaque
1271 2141 1411 2164 causam
1437 2142 1580 2165 suorum

221 2181 384 2224 gnaviter
403 2181 564 2224 suscepit,
583 2182 733 2215 scribens

368 2236 420 2269 De
438 2237 552 2270 Causa
570 2237 786 2270 Scholarium
805 2239 847 2271 ad
867 2239 998 2284 Regem
1020 2241 1222 2285 Philippum
1332 2244 1390 2276 lib.
1412 2253 1435 2275 1.

268 2291 420 2325 Vivebat
437 2303 528 2325 anno
541 2301 633 2325 MCC.
664 2292 754 2326 Acta
767 2293 802 2326 N
805 2295 930 2328 ationis
941 2296 1177 2337 Germanicae,
1191 2299 1347 2332 Parisiis.
1380 2299 1497 2343 Hujus
1512 2300 1581 2332 dis-

221 2348 355 2380 cordiae
372 2349 532 2390 meminit
548 2349 695 2382 historia
713 2348 854 2390 Gallica,
876 2356 911 2385 et
932 2352 1074 2396 insuper
1094 2353 1305 2388 Hovedenus
1324 2359 1413 2397 part.
1440 2364 1480 2388 11.
1505 2355 1580 2388 An-

221 2403 352 2436 nalium
370 2415 449 2449 pag.
469 2413 664 2438 ccchvn.

897 2472 920 2495 Ζ
