1861 2682
602 279 773 312 GENTIS
797 278 1067 316 SCOTORUM,
1092 278 1178 309 LIB.
1205 278 1249 309 11.
1550 279 1609 309 119

249 380 321 405 tum
342 374 545 416 opusculum
564 373 646 411 vidi,
664 373 847 406 vernacule
865 372 1008 410 editum,
1027 371 1091 404 sub
1110 371 1225 409 titulo,

397 429 608 472 Nepenffles,
628 439 688 461 seu
705 429 747 461 de
765 427 968 461 Nicotianae
987 427 1126 460 Herbae
1142 426 1297 466 Viribus,
1360 426 1418 460 lib.
1440 434 1464 459 1.

300 485 397 518 Vivit
416 485 527 518 adhuc
545 485 582 518 iu
600 484 725 518 Scotia.

562 595 829 630 ROBERTUS
855 593 1164 628 BALFOREUS.
1217 596 1299 631 209.

251 708 464 741 ROBERTUS
488 708 681 747 Balforeus,
707 708 760 740 sui
786 708 890 740 seculi
915 707 1077 751 phoenix,
1102 705 1230 740 Graece
1254 711 1288 739 et
1306 706 1431 740 Latine
1455 707 1610 740 doctissi=

251 776 338 803 mus,
362 765 589 808 philosophus
615 769 649 797 et
675 764 938 797 mathematicus
963 763 1085 807 priscis
1107 762 1356 802 conferendus3
1384 763 1427 796 ad
1453 763 1535 796 haee
1562 764 1611 795 in-

250 821 403 853 credibili
430 831 567 853 morum
593 820 775 859 suavitate,
803 820 946 852 caritate
971 820 1008 851 in
1033 820 1215 862 populares
1239 830 1319 852 suos
1347 824 1380 852 et
1398 820 1490 852 cives
1507 821 1611 852 raris-

250 877 347 914 sima,
367 888 405 909 ac
423 877 531 910 veluti
549 877 656 910 totius
674 876 787 921 gentis
805 886 901 908 sacra
923 875 1095 913 anchora3
1123 875 1270 919 triginta
1283 875 1358 919 jam
1377 875 1477 908 annis
1501 875 1611 919 Lyce-

250 943 309 964 um
329 932 586 977 Burdegalense
612 943 747 965 summa
770 931 954 974 prudentia
975 935 1027 963 est
1052 931 1260 970 moderatus,
1289 932 1387 976 cujus
1414 932 1612 965 claritudini

252 999 319 1021 non
337 999 460 1031 parum
479 989 671 1031 splendoris
689 988 828 1021 accessit
847 998 888 1020 ex
902 987 1035 1030 judicio
1052 986 1135 1019 DN.
1158 986 1327 1026 Candalii,
1354 988 1414 1030 qui
1441 999 1518 1021 eum
1546 994 1612 1021 tes-

251 1049 406 1078 tamento
424 1044 620 1084 honoravit,
638 1044 736 1077 libris
754 1044 826 1077 suis
844 1043 1004 1077 omnibus
1022 1044 1276 1077 mathematicis
1294 1045 1325 1077 ei
1342 1045 1476 1089 legatis.
1521 1045 1610 1089 Ejus

253 1105 333 1132 sunt
350 1109 357 1132 :

395 1155 593 1188 Cleomedes
612 1156 741 1189 Graece
758 1159 792 1188 et
811 1155 936 1189 Latine
954 1167 1031 1189 cum
1051 1156 1142 1189 notis
1366 1157 1424 1190 lib.
1444 1166 1468 1190 1.

396 1210 588 1243 Concilium
607 1210 775 1243 Nicaeum
794 1211 922 1244 Graece
940 1216 974 1244 et
991 1212 1116 1246 Latine
1137 1223 1215 1245 cum
1233 1213 1325 1245 notis
1363 1213 1422 1246 lib.
1442 1223 1466 1247 1.
1515 1214 1613 1248 Gela-

443 1266 514 1298 sius
533 1266 724 1309 Cyzicenus
743 1265 872 1299 Graece
889 1269 1176 1300 commentarium
1193 1269 1230 1302 in
1248 1268 1339 1302 Acta
1356 1269 1449 1303 illius
1468 1270 1613 1304 Concilii

444 1321 609 1359 ediderat,
626 1321 682 1354 hic
699 1321 840 1354 civitate
858 1321 987 1355 Latina
1004 1323 1147 1356 donavit
1163 1336 1173 1365 3
1200 1325 1330 1367 prodiit
1348 1325 1503 1360 Parisiis.

397 1377 655 1411 Commentaria
671 1378 708 1409 in
727 1376 928 1410 Aristotelis
946 1377 1115 1423 Logicam
1367 1381 1425 1414 lib.
1446 1391 1469 1414 1.

394 1434 652 1466 Commentaria
668 1433 704 1465 in
722 1432 923 1467 Aristotelis
942 1433 1130 1478 Physicam
1364 1437 1422 1470 lib.
1445 1447 1467 1470 r.

398 1489 656 1522 Commentaria
674 1489 710 1521 in
727 1488 928 1522 Aristotelis
947 1490 1098 1524 Ethicen
1365 1494 1424 1527 lib.
1446 1503 1469 1527 1.

398 1544 440 1578 In
459 1544 678 1578 Mechanicas
696 1544 896 1578 Aristotelis
918 1546 1054 1586 Notae3
1081 1559 1167 1591 quas
1193 1559 1284 1582 anno
1310 1549 1434 1583 deinde
1451 1558 1615 1595 sequente

444 1600 617 1643 Josephus
636 1600 832 1634 Blancanus
860 1601 934 1634 Soc.
960 1602 1046 1636 Jesu
1070 1604 1252 1648 presbyter
1278 1605 1345 1638 alio
1371 1610 1616 1641 commentario

446 1656 645 1694 illustravit,
664 1657 722 1689 sed
741 1662 838 1690 tanta
854 1659 1088 1700 proximitate,
1117 1665 1155 1693 ut
1181 1660 1281 1695 facile
1299 1668 1480 1705 appareret
1498 1665 1615 1697 eadem

448 1712 564 1744 studia
598 1713 788 1746 colentibus
822 1714 965 1746 eandem
1003 1715 1179 1749 interdum
1219 1728 1292 1751 esse
1331 1719 1539 1752 industriam
1583 1726 1615 1752 et

445 1773 619 1801 eventum.

297 1823 395 1857 Vivit
406 1823 517 1856 adhuc
531 1823 759 1869 Burdegalae,
773 1826 961 1859 amicorum
975 1827 1179 1868 subsidium,
1192 1835 1225 1863 et
1236 1831 1350 1875 gentis
1364 1837 1613 1864 ornamentum.

509 1991 819 2026 GUILIELMUS
845 1994 1228 2030 BELLENDENUS.
1282 2001 1361 2031 210.

258 2102 517 2135 GUILIELMUS
556 2102 797 2144 Bellendenus,
836 2106 909 2138 sive
951 2107 1183 2148 Ballantinus,
1227 2109 1470 2145 honestissimo
1513 2112 1614 2145 bona-

258 2169 335 2190 rum
374 2159 502 2191 artium
539 2159 654 2191 studio
693 2159 837 2193 Parisiis
874 2162 1036 2197 inclaruit
1066 2164 1239 2207 professor
1268 2167 1305 2199 in
1336 2168 1521 2206 academia,
1555 2180 1613 2211 pa-

258 2220 378 2247 tronus
409 2225 590 2247 causarum
621 2215 656 2247 in
686 2226 847 2258 supremo
873 2217 1065 2252 Galliarum
1092 2226 1238 2261 senatu3
1271 2228 1347 2255 tum
1373 2223 1512 2256 demum
1539 2235 1614 2256 ora-

257 2271 341 2302 toris
375 2281 517 2303 munere
552 2271 755 2303 honestatus
789 2273 1003 2316 principibus
1037 2276 1119 2314 suis,
1155 2277 1310 2322 Reginae
1346 2279 1490 2317 Mariae,
1528 2280 1611 2312 filio<-

258 2337 324 2368 que
353 2325 492 2364 Jacobo,
519 2325 652 2359 fidelem
682 2337 821 2370 operam
847 2330 1001 2369 navavit,
1033 2342 1053 2363 a
1079 2342 1147 2374 quo
1172 2335 1360 2375 posteriore
1387 2336 1546 2380 magistri
1573 2336 1611 2367 li-
