1861 2682
629 258 801 290 GENTIS
826 257 1097 295 SCOTORUM,
1123 257 1210 289 LIB.
1240 257 1293 288 V1.
1577 260 1635 290 291

748 406 1034 441 FERGUSIUS.
1086 409 1166 440 531.

284 522 520 561 FERGUSIUS‚
540 521 692 554 Illustris
710 525 948 565 cognomento,
968 520 1185 564 Ferquhardi
1213 520 1403 553 Hiberniae
1426 521 1518 565 regis
1536 520 1639 557 filius,

278 578 444 610 fundator
463 577 616 610 Scoticae
634 576 863 615 monarchiae,
881 587 924 609 ex
943 575 1114 609 Hibernia
1131 577 1168 609 in
1185 576 1372 609 Albionem
1396 576 1532 620 trajecit
1559 587 1637 608 cum

278 634 385 676 copiis
403 633 615 677 ingentibus,
640 633 819 675 pulsisque
845 637 906 665 aut
928 633 965 664 in
989 631 1093 664 fidem
1118 632 1266 675 acceptis
1291 632 1466 677 indigenis
1491 642 1639 677 regnum

279 689 459 728 stabilivit,
486 689 644 722 omnium
671 688 779 721 totius
797 687 961 731 Europae
985 688 1281 731 antiquissimum,
1307 688 1574 727 nobilissimum,
1603 688 1639 719 in

277 756 346 788 quo
364 756 433 778 non
451 746 648 788 interrupto
666 744 787 778 ordine
809 744 973 777 sederunt
998 744 1035 776 in
1060 744 1153 777 hunc
1179 745 1270 777 diem
1297 753 1409 777 CV111.
1436 755 1546 789 reges,
1570 755 1639 786 qua

277 802 502 840 successione,
535 802 564 834 si
595 801 627 834 S.
652 801 749 834 Petri
781 801 1017 843 apostolorum
1043 800 1209 843 principis
1240 811 1452 834 successores
1483 810 1639 843 seponas,

278 858 392 890 nullae
415 857 738 901 magnificentiores.
791 856 860 888 Hic
884 855 1022 889 Coilum
1046 856 1235 889 Britonum
1253 867 1371 901 regem
1388 857 1478 890 bello
1500 867 1641 899 supera-

277 919 353 946 tum
370 914 507 946 necavit
523 914 561 945 in
578 914 651 945 loco
670 913 725 945 cui
742 912 872 955 posteri
892 911 988 944 Koili
1006 923 1133 945 nomen
1151 912 1317 951 fecerunt,
1336 913 1519 946 vernacule
1538 910 1621 956 Isyl
1631 924 1640 948 ;

277 974 362 1007 tum,
380 980 450 1012 quo
468 968 607 1001 firmum
625 974 726 1006 esset,
744 972 779 1000 et
796 967 1048 1001 successoribus
1068 969 1223 1001 validum
1242 969 1439 1011 imperium,
1459 969 1569 1001 edidit

423 1024 535 1069 Leges
554 1024 720 1057 Politicas
950 1027 957 1030 “
1148 1024 1208 1057 lib.

325 1081 501 1126 Regnavit
524 1081 624 1113 anuis
648 1088 744 1113 xxv.
797 1079 907 1113 Periit
932 1079 1116 1125 naufragio
1142 1081 1179 1114 in
1205 1081 1344 1114 Oceano
1369 1080 1637 1119 Deucaledonio,

277 1139 417 1180 scopulo
434 1136 574 1170 nomine
591 1147 612 1169 a
628 1147 710 1169 casu
728 1136 787 1169 illo
805 1136 980 1179 imposito,
1004 1137 1111 1181 vulgo
1132 1135 1378 1181 Cragfergus,
1401 1137 1499 1181 quasi
1519 1148 1641 1182 scopu-

276 1197 349 1228 lum
376 1195 469 1227 dicas
500 1193 673 1238 Fergusii,
702 1203 793 1226 anno
822 1198 902 1226 ante
928 1193 1060 1226 Christi
1085 1194 1266 1226 assertoris
1290 1194 1327 1226 in
1351 1203 1491 1226 carnem
1515 1194 1641 1227 adven-

278 1256 353 1283 tum
372 1258 565 1283 cccxvln.
618 1249 781 1293 Regnum
802 1248 978 1282 Ferithari
998 1249 1142 1293 reliquit
1159 1248 1271 1288 fratri,
1294 1250 1427 1293 optimo
1443 1249 1604 1294 principi,
1624 1262 1644 1283 a

278 1306 395 1339 fratris
413 1306 468 1339 sui
485 1309 609 1348 nepote
627 1305 776 1349 Ferlego
794 1305 915 1338 occiso.

748 1417 1037 1452 FERGUSIUS.
1089 1422 1170 1453 532.

278 1532 408 1571 SCOTI,
428 1535 507 1574 post
524 1529 678 1575 Eugenii
697 1530 724 1564 I.
744 1531 836 1576 regis
854 1531 891 1564 in
905 1530 976 1564 acie
994 1532 1157 1565 exstincti
1177 1542 1306 1571 casum,
1326 1540 1438 1567 XLIV.
1457 1533 1557 1567 annis
1575 1534 1644 1566 dis-

278 1588 433 1629 palantes
451 1598 533 1631 rege
550 1592 762 1626 caruerunt3
790 1597 877 1629 quos
895 1587 932 1619 in
955 1598 1066 1620 unum
1090 1599 1214 1631 corpus
1239 1589 1378 1633 collegit
1396 1600 1435 1622 ac
1452 1589 1551 1622 varia
1575 1589 1644 1622 for-

278 1648 364 1675 tuna
381 1643 453 1675 solo
471 1642 585 1685 patrio
604 1642 796 1687 Fergusius
816 1642 864 1675 ΙΙ.
882 1653 944 1676 rex
962 1644 1156 1676 redonavit.
1200 1644 1367 1677 Interfuit
1385 1644 1442 1678 hic
1465 1656 1544 1678 cum
1573 1647 1644 1678 suis

280 1698 413 1732 Romae
424 1698 623 1741 direptioni,
637 1697 780 1731 Alarico
795 1697 991 1732 Gothorum
1003 1700 1077 1744 regi
1091 1700 1299 1739 auxiliatus;
1319 1701 1422 1744 quod,
1435 1706 1572 1744 praeter
1585 1713 1644 1734 an-

279 1756 373 1788 nales
392 1758 575 1793 nostrates,
594 1753 809 1787 Claudianus
827 1755 1017 1788 cultissime
1035 1756 1206 1799 expressit
1223 1756 1282 1789 lib.
1301 1757 1343 1789 de
1361 1756 1460 1790 Bello
1478 1756 1618 1790 Getico:

574 1849 662 1877 Venit
677 1854 706 1877 et
721 1850 856 1878 extremis
869 1849 942 1887 legio
955 1854 1102 1886 praetenta
1117 1850 1271 1882 Britannis,

572 1894 655 1929 Quae
670 1895 752 1923 Scuto
765 1896 814 1924 dat
828 1896 924 1923 fraena
938 1905 996 1928 suo,
1010 1896 1139 1933 ferroque
1153 1902 1263 1924 notatas

577 1941 700 1978 Perlegit
714 1942 857 1970 exanimes
874 1942 954 1970 Picto
967 1941 1104 1970 moriente
1119 1942 1230 1979 figuras.

333 2037 391 2070 Ex
417 2041 534 2070 tantae
559 2037 712 2070 civitatis
738 2038 857 2081 spoliis
883 2049 922 2071 ac
947 2040 1086 2081 praeda,
1116 2040 1190 2083 ipse
1217 2041 1305 2074 nihil
1334 2042 1476 2075 domum
1508 2044 1640 2081 retulit,

280 2098 417 2136 praeter
434 2103 530 2125 arcas
547 2093 714 2136 quasdam
734 2094 832 2127 libris
851 2094 954 2127 MSS.
973 2096 1102 2138 plenas,
1121 2107 1208 2139 quos
1226 2098 1331 2130 etiam
1352 2109 1416 2131 suo
1435 2109 1520 2132 aevo
1539 2098 1641 2133 Hect.

280 2148 450 2181 Boethius
469 2148 615 2181 viderat.
669 2148 737 2182 Hic
754 2150 791 2182 in
810 2150 1008 2183 Moraviam
1026 2152 1172 2191 delatus,
1190 2152 1313 2186 foedus
1330 2165 1409 2187 curn
1426 2154 1543 2193 Pictis,
1558 2166 1644 2198 quos

281 2204 431 2237 Romani
449 2204 718 2243 concitaverant,
737 2206 881 2250 pepigit,
908 2207 1021 2249 iisque
1038 2208 1139 2240 sociis
1157 2219 1236 2241 cum
1260 2209 1381 2243 Cassio
1407 2211 1449 2243 ad
1468 2210 1640 2244 Caronam

279 2271 416 2293 amnem
434 2260 617 2304 pugnavit,
642 2271 751 2304 aequo
775 2261 901 2301 Marte,
925 2263 985 2295 sed
1007 2263 1243 2309 redintegrato
1268 2267 1467 2305 certamine,
1492 2272 1637 2310 uterque

278 2326 339 2348 rex
357 2327 376 2348 a
395 2315 613 2349 Maximiano
630 2317 744 2361 legato
762 2316 976 2352 interimitur
994 2318 1031 2352 in
1048 2319 1130 2353 acie.
1183 2320 1273 2365 Ejus
1294 2326 1376 2354 sunt
