<?xml version="1.0" encoding="UTF-8"?>
<!DOCTYPE html PUBLIC "-//W3C//DTD XHTML 1.0 Transitional//EN"
    "http://www.w3.org/TR/xhtml1/DTD/xhtml1-transitional.dtd">
<html xmlns="http://www.w3.org/1999/xhtml" xml:lang="en" lang="en">
 <head>
  <title>
</title>
<meta http-equiv="Content-Type" content="text/html;charset=utf-8" />
  <meta name='ocr-system' content='tesseract 3.04.00' />
  <meta name='ocr-capabilities' content='ocr_page ocr_carea ocr_par ocr_line ocrx_word'/>
</head>
<body>
  <div class='ocr_page' id='page_1' title='image "./thomaedempsterih00bann_0407.png"; bbox 0 0 1861 2682; ppageno 0'>
   <div class='ocr_carea' id='block_1_1' title="bbox 609 228 1622 266">
    <p class='ocr_par' dir='ltr' id='par_1_1' title="bbox 609 228 1622 266">
     <span class='ocr_line' id='line_1_1' title="bbox 609 228 1622 266; baseline -0.003 -5"><span class='ocrx_word' id='word_1_1' title='bbox 609 229 780 261; x_wconf 82' lang='lat' dir='ltr'>GENTIS</span> <span class='ocrx_word' id='word_1_2' title='bbox 805 228 1075 266; x_wconf 82' lang='lat' dir='ltr'>SCOTORUM,</span> <span class='ocrx_word' id='word_1_3' title='bbox 1102 228 1187 260; x_wconf 89' lang='lat' dir='ltr'>LIB.</span> <span class='ocrx_word' id='word_1_4' title='bbox 1216 228 1287 259; x_wconf 90' lang='lat' dir='ltr'>VII.</span> <span class='ocrx_word' id='word_1_5' title='bbox 1561 229 1622 259; x_wconf 67' lang='lat'>327</span> 
     </span>
    </p>
   </div>
   <div class='ocr_carea' id='block_1_2' title="bbox 255 321 1623 1543">
    <p class='ocr_par' dir='ltr' id='par_1_2' title="bbox 255 321 1623 1543">
     <span class='ocr_line' id='line_1_2' title="bbox 261 321 1620 366; baseline -0.003 -10"><span class='ocrx_word' id='word_1_6' title='bbox 261 325 299 356; x_wconf 88' lang='lat' dir='ltr'>in</span> <span class='ocrx_word' id='word_1_7' title='bbox 325 334 402 356; x_wconf 84' lang='lat' dir='ltr'>eum</span> <span class='ocrx_word' id='word_1_8' title='bbox 432 324 475 356; x_wconf 86' lang='lat' dir='ltr'>ab</span> <span class='ocrx_word' id='word_1_9' title='bbox 500 323 691 356; x_wconf 87' lang='lat' dir='ltr'>Eboracen.</span> <span class='ocrx_word' id='word_1_10' title='bbox 719 322 974 364; x_wconf 81' lang='lat' dir='ltr'>archiepiscopo</span> <span class='ocrx_word' id='word_1_11' title='bbox 1001 321 1139 366; x_wconf 87' lang='lat' dir='ltr'>Rogero</span> <span class='ocrx_word' id='word_1_12' title='bbox 1165 321 1254 354; x_wconf 86' lang='lat' dir='ltr'>latae</span> <span class='ocrx_word' id='word_1_13' title='bbox 1280 321 1530 353; x_wconf 76' lang='lat' dir='ltr'>absolutionem</span> <span class='ocrx_word' id='word_1_14' title='bbox 1558 322 1620 352; x_wconf 81' lang='lat' dir='ltr'>im-</span> 
     </span>
     <span class='ocr_line' id='line_1_3' title="bbox 260 376 1620 422; baseline -0.002 -10"><span class='ocrx_word' id='word_1_15' title='bbox 260 380 411 422; x_wconf 81' lang='lat' dir='ltr'>petravit</span> <span class='ocrx_word' id='word_1_16' title='bbox 435 391 453 412; x_wconf 87' lang='lat' dir='ltr'>a</span> <span class='ocrx_word' id='word_1_17' title='bbox 478 379 588 412; x_wconf 87' lang='lat' dir='ltr'>Lucio</span> <span class='ocrx_word' id='word_1_18' title='bbox 615 378 681 411; x_wconf 92' lang='grc' dir='ltr'><strong>ΙΙΙ.</strong></span> <span class='ocrx_word' id='word_1_19' title='bbox 733 378 844 411; x_wconf 81' lang='lat' dir='ltr'>Extat</span> <span class='ocrx_word' id='word_1_20' title='bbox 862 378 1008 420; x_wconf 81' lang='lat' dir='ltr'>epistola</span> <span class='ocrx_word' id='word_1_21' title='bbox 1024 377 1179 422; x_wconf 82' lang='lat' dir='ltr'>ejusdem</span> <span class='ocrx_word' id='word_1_22' title='bbox 1199 377 1371 420; x_wconf 83' lang='lat' dir='ltr'>pontificis</span> <span class='ocrx_word' id='word_1_23' title='bbox 1390 377 1482 419; x_wconf 85' lang='lat' dir='ltr'>apud</span> <span class='ocrx_word' id='word_1_24' title='bbox 1503 376 1620 409; x_wconf 85' lang='lat' dir='ltr'>Hove-</span> 
     </span>
     <span class='ocr_line' id='line_1_4' title="bbox 261 433 1620 479; baseline -0.002 -11"><span class='ocrx_word' id='word_1_25' title='bbox 261 436 327 468; x_wconf 89' lang='lat' dir='ltr'>den</span> <span class='ocrx_word' id='word_1_26' title='bbox 354 435 484 468; x_wconf 89' lang='lat' dir='ltr'>Annal.</span> <span class='ocrx_word' id='word_1_27' title='bbox 510 440 600 478; x_wconf 86' lang='lat' dir='ltr'>part.</span> <span class='ocrx_word' id='word_1_28' title='bbox 630 443 670 467; x_wconf 87' lang='lat'>11.</span> <span class='ocrx_word' id='word_1_29' title='bbox 698 446 777 479; x_wconf 84' lang='lat' dir='ltr'>pag.</span> <span class='ocrx_word' id='word_1_30' title='bbox 806 443 932 466; x_wconf 80' lang='lat' dir='ltr'>CCCLl.</span> <span class='ocrx_word' id='word_1_31' title='bbox 983 433 1108 466; x_wconf 86' lang='lat' dir='ltr'>Eidem</span> <span class='ocrx_word' id='word_1_32' title='bbox 1127 434 1249 466; x_wconf 85' lang='lat' dir='ltr'>deinde</span> <span class='ocrx_word' id='word_1_33' title='bbox 1268 433 1432 465; x_wconf 86' lang='lat' dir='ltr'>Urbanus</span> <span class='ocrx_word' id='word_1_34' title='bbox 1451 433 1518 466; x_wconf 92' lang='lat' dir='ltr'>III.</span> <span class='ocrx_word' id='word_1_35' title='bbox 1542 444 1620 466; x_wconf 90' lang='lat' dir='ltr'>con-</span> 
     </span>
     <span class='ocr_line' id='line_1_5' title="bbox 261 489 1619 533; baseline -0.001 -9"><span class='ocrx_word' id='word_1_36' title='bbox 261 492 466 524; x_wconf 84' lang='lat' dir='ltr'>troversiam</span> <span class='ocrx_word' id='word_1_37' title='bbox 495 492 587 524; x_wconf 87' lang='lat' dir='ltr'>inter</span> <span class='ocrx_word' id='word_1_38' title='bbox 614 491 791 533; x_wconf 79' lang='lat' dir='ltr'>episcopos</span> <span class='ocrx_word' id='word_1_39' title='bbox 819 490 854 522; x_wconf 87' lang='lat' dir='ltr'>S.</span> <span class='ocrx_word' id='word_1_40' title='bbox 879 490 1041 522; x_wconf 81' lang='lat' dir='ltr'><strong>Andreae</strong></span> <span class='ocrx_word' id='word_1_41' title='bbox 1067 489 1254 533; x_wconf 83' lang='lat' dir='ltr'>Hugonem</span> <span class='ocrx_word' id='word_1_42' title='bbox 1280 495 1314 522; x_wconf 88' lang='lat' dir='ltr'>et</span> <span class='ocrx_word' id='word_1_43' title='bbox 1338 489 1619 522; x_wconf 86' lang='lat' dir='ltr'>Dunkeldensem</span> 
     </span>
     <span class='ocr_line' id='line_1_6' title="bbox 260 545 1620 588; baseline -0.001 -9"><span class='ocrx_word' id='word_1_44' title='bbox 260 546 432 579; x_wconf 86' lang='lat' dir='ltr'>Joannem</span> <span class='ocrx_word' id='word_1_45' title='bbox 468 547 666 585; x_wconf 86' lang='lat' dir='ltr'><strong>committit,</strong></span> <span class='ocrx_word' id='word_1_46' title='bbox 700 552 740 579; x_wconf 89' lang='lat' dir='ltr'>ut</span> <span class='ocrx_word' id='word_1_47' title='bbox 776 557 819 578; x_wconf 87' lang='lat' dir='ltr'>ex</span> <span class='ocrx_word' id='word_1_48' title='bbox 852 545 961 578; x_wconf 86' lang='lat' dir='ltr'>literis</span> <span class='ocrx_word' id='word_1_49' title='bbox 996 550 1141 584; x_wconf 83' lang='lat' dir='ltr'>constat,</span> <span class='ocrx_word' id='word_1_50' title='bbox 1184 556 1270 588; x_wconf 90' lang='lat' dir='ltr'>quas</span> <span class='ocrx_word' id='word_1_51' title='bbox 1311 546 1415 578; x_wconf 87' lang='lat' dir='ltr'>habet</span> <span class='ocrx_word' id='word_1_52' title='bbox 1451 545 1620 579; x_wconf 89' lang='lat' dir='ltr'>Hoveden</span> 
     </span>
     <span class='ocr_line' id='line_1_7' title="bbox 260 601 1620 646; baseline 0 -12"><span class='ocrx_word' id='word_1_53' title='bbox 260 613 339 646; x_wconf 86' lang='lat' dir='ltr'>pag.</span> <span class='ocrx_word' id='word_1_54' title='bbox 360 610 502 635; x_wconf 81' lang='lat' dir='ltr'>CCCLX.</span> <span class='ocrx_word' id='word_1_55' title='bbox 521 603 580 634; x_wconf 86' lang='lat' dir='ltr'>sed</span> <span class='ocrx_word' id='word_1_56' title='bbox 599 607 633 634; x_wconf 91' lang='lat' dir='ltr'>et</span> <span class='ocrx_word' id='word_1_57' title='bbox 652 602 810 635; x_wconf 85' lang='lat' dir='ltr'><strong>Clemens</strong></span> <span class='ocrx_word' id='word_1_58' title='bbox 829 601 896 634; x_wconf 89' lang='lat' dir='ltr'>III.</span> <span class='ocrx_word' id='word_1_59' title='bbox 923 602 1066 634; x_wconf 88' lang='lat' dir='ltr'>eandem</span> <span class='ocrx_word' id='word_1_60' title='bbox 1089 602 1120 633; x_wconf 89' lang='lat' dir='ltr'>ei</span> <span class='ocrx_word' id='word_1_61' title='bbox 1144 612 1282 634; x_wconf 84' lang='lat' dir='ltr'>causam</span> <span class='ocrx_word' id='word_1_62' title='bbox 1309 602 1423 634; x_wconf 91' lang='lat' dir='ltr'>denuo</span> <span class='ocrx_word' id='word_1_63' title='bbox 1449 613 1620 634; x_wconf 90' lang='lat' dir='ltr'>commen-</span> 
     </span>
     <span class='ocr_line' id='line_1_8' title="bbox 260 657 1621 702; baseline 0.001 -12"><span class='ocrx_word' id='word_1_64' title='bbox 260 658 369 690; x_wconf 88' lang='lat' dir='ltr'>davit.</span> <span class='ocrx_word' id='word_1_65' title='bbox 420 657 590 690; x_wconf 88' lang='lat' dir='ltr'>Hoveden</span> <span class='ocrx_word' id='word_1_66' title='bbox 605 659 722 691; x_wconf 84' lang='lat' dir='ltr'>literas</span> <span class='ocrx_word' id='word_1_67' title='bbox 741 658 900 701; x_wconf 82' lang='lat' dir='ltr'>producit</span> <span class='ocrx_word' id='word_1_68' title='bbox 918 668 996 701; x_wconf 84' lang='lat' dir='ltr'>pag.</span> <span class='ocrx_word' id='word_1_69' title='bbox 1016 666 1218 690; x_wconf 86' lang='lat' dir='ltr'>CCCLXXX.</span> <span class='ocrx_word' id='word_1_70' title='bbox 1270 657 1360 702; x_wconf 86' lang='lat' dir='ltr'>Ejus</span> <span class='ocrx_word' id='word_1_71' title='bbox 1374 658 1500 696; x_wconf 87' lang='lat' dir='ltr'>studio,</span> <span class='ocrx_word' id='word_1_72' title='bbox 1516 658 1621 691; x_wconf 86' lang='lat' dir='ltr'>inter-</span> 
     </span>
     <span class='ocr_line' id='line_1_9' title="bbox 255 713 1621 758; baseline 0.001 -12"><span class='ocrx_word' id='word_1_73' title='bbox 255 715 358 757; x_wconf 87' lang='lat' dir='ltr'>jectis</span> <span class='ocrx_word' id='word_1_74' title='bbox 377 714 511 757; x_wconf 79' lang='lat' dir='ltr'>aliquot</span> <span class='ocrx_word' id='word_1_75' title='bbox 530 714 641 752; x_wconf 87' lang='lat' dir='ltr'>annis,</span> <span class='ocrx_word' id='word_1_76' title='bbox 666 714 862 746; x_wconf 83' lang='lat' dir='ltr'>Richardus</span> <span class='ocrx_word' id='word_1_77' title='bbox 882 713 908 746; x_wconf 93' lang='grc' dir='ltr'>Ι.</span> <span class='ocrx_word' id='word_1_78' title='bbox 936 713 1086 758; x_wconf 79' lang='lat' dir='ltr'>AngIIae</span> <span class='ocrx_word' id='word_1_79' title='bbox 1110 724 1182 752; x_wconf 84' lang='lat' dir='ltr'>rex,</span> <span class='ocrx_word' id='word_1_80' title='bbox 1207 715 1410 747; x_wconf 82' lang='lat' dir='ltr'>comitatum</span> <span class='ocrx_word' id='word_1_81' title='bbox 1429 713 1621 747; x_wconf 88' lang='lat' dir='ltr'>Northum-</span> 
     </span>
     <span class='ocr_line' id='line_1_10' title="bbox 260 768 1619 813; baseline 0 -11"><span class='ocrx_word' id='word_1_82' title='bbox 260 770 353 802; x_wconf 85' lang='lat' dir='ltr'>briae</span> <span class='ocrx_word' id='word_1_83' title='bbox 387 771 460 813; x_wconf 87' lang='lat' dir='ltr'>regi</span> <span class='ocrx_word' id='word_1_84' title='bbox 491 768 626 802; x_wconf 83' lang='lat' dir='ltr'>Scotiae</span> <span class='ocrx_word' id='word_1_85' title='bbox 661 769 850 802; x_wconf 87' lang='lat' dir='ltr'>Wilhelmo</span> <span class='ocrx_word' id='word_1_86' title='bbox 884 770 920 801; x_wconf 89' lang='lat' dir='ltr'>in</span> <span class='ocrx_word' id='word_1_87' title='bbox 950 774 1156 812; x_wconf 85' lang='lat' dir='ltr'>perpetuum</span> <span class='ocrx_word' id='word_1_88' title='bbox 1187 770 1433 812; x_wconf 89' lang='lat' dir='ltr'>possidendum</span> <span class='ocrx_word' id='word_1_89' title='bbox 1463 771 1619 803; x_wconf 82' lang='lat' dir='ltr'>tradidit.</span> 
     </span>
     <span class='ocr_line' id='line_1_11' title="bbox 262 824 1621 870; baseline 0.001 -12"><span class='ocrx_word' id='word_1_90' title='bbox 262 825 429 858; x_wconf 87' lang='lat' dir='ltr'>Hoveden</span> <span class='ocrx_word' id='word_1_91' title='bbox 455 836 533 869; x_wconf 84' lang='lat' dir='ltr'>pag.</span> <span class='ocrx_word' id='word_1_92' title='bbox 561 834 702 858; x_wconf 86' lang='lat' dir='ltr'>CDXIX.</span> <span class='ocrx_word' id='word_1_93' title='bbox 768 825 863 857; x_wconf 89' lang='lat' dir='ltr'>Idem</span> <span class='ocrx_word' id='word_1_94' title='bbox 891 824 925 857; x_wconf 88' lang='lat' dir='ltr'>S.</span> <span class='ocrx_word' id='word_1_95' title='bbox 952 824 1194 858; x_wconf 83' lang='lat' dir='ltr'>Alexandrum</span> <span class='ocrx_word' id='word_1_96' title='bbox 1220 837 1349 870; x_wconf 89' lang='lat' dir='ltr'>regem,</span> <span class='ocrx_word' id='word_1_97' title='bbox 1374 826 1408 858; x_wconf 91' lang='lat' dir='ltr'>S.</span> <span class='ocrx_word' id='word_1_98' title='bbox 1432 825 1621 860; x_wconf 83' lang='lat' dir='ltr'>Wilhelmo</span> 
     </span>
     <span class='ocr_line' id='line_1_12' title="bbox 260 881 1620 927; baseline 0.001 -14"><span class='ocrx_word' id='word_1_99' title='bbox 260 893 302 913; x_wconf 84' lang='lat' dir='ltr'>ex</span> <span class='ocrx_word' id='word_1_100' title='bbox 317 881 554 925; x_wconf 86' lang='lat' dir='ltr'>Ermingarda</span> <span class='ocrx_word' id='word_1_101' title='bbox 568 886 778 924; x_wconf 84' lang='lat' dir='ltr'>susceptum,</span> <span class='ocrx_word' id='word_1_102' title='bbox 792 892 888 914; x_wconf 85' lang='lat' dir='ltr'>sacro</span> <span class='ocrx_word' id='word_1_103' title='bbox 902 881 998 914; x_wconf 84' lang='lat' dir='ltr'>fonte</span> <span class='ocrx_word' id='word_1_104' title='bbox 1013 881 1134 914; x_wconf 85' lang='lat' dir='ltr'>abluit.</span> <span class='ocrx_word' id='word_1_105' title='bbox 1176 881 1345 914; x_wconf 90' lang='lat' dir='ltr'>Hoveden</span> <span class='ocrx_word' id='word_1_106' title='bbox 1360 893 1439 927; x_wconf 87' lang='lat' dir='ltr'>pag.</span> <span class='ocrx_word' id='word_1_107' title='bbox 1455 891 1620 915; x_wconf 84' lang='lat' dir='ltr'>CDXLIV.</span> 
     </span>
     <span class='ocr_line' id='line_1_13' title="bbox 261 937 1622 980; baseline 0.002 -11"><span class='ocrx_word' id='word_1_108' title='bbox 261 937 357 970; x_wconf 89' lang='lat' dir='ltr'>Idem</span> <span class='ocrx_word' id='word_1_109' title='bbox 377 948 459 970; x_wconf 85' lang='lat' dir='ltr'>vero</span> <span class='ocrx_word' id='word_1_110' title='bbox 477 942 597 970; x_wconf 81' lang='lat' dir='ltr'>auctor</span> <span class='ocrx_word' id='word_1_111' title='bbox 615 942 799 980; x_wconf 88' lang='lat' dir='ltr'>corruptus</span> <span class='ocrx_word' id='word_1_112' title='bbox 817 943 869 970; x_wconf 87' lang='lat' dir='ltr'>est</span> <span class='ocrx_word' id='word_1_113' title='bbox 887 938 923 969; x_wconf 89' lang='lat' dir='ltr'>in</span> <span class='ocrx_word' id='word_1_114' title='bbox 942 938 1071 976; x_wconf 84' lang='lat' dir='ltr'>eodem,</span> <span class='ocrx_word' id='word_1_115' title='bbox 1099 946 1188 970; x_wconf 88' lang='lat' dir='ltr'>CDL.</span> <span class='ocrx_word' id='word_1_116' title='bbox 1213 938 1268 970; x_wconf 89' lang='lat' dir='ltr'>die</span> <span class='ocrx_word' id='word_1_117' title='bbox 1292 938 1327 970; x_wconf 88' lang='lat' dir='ltr'>S.</span> <span class='ocrx_word' id='word_1_118' title='bbox 1349 939 1505 977; x_wconf 87' lang='lat' dir='ltr'>Patricii,</span> <span class='ocrx_word' id='word_1_119' title='bbox 1528 940 1622 972; x_wconf 87' lang='lat' dir='ltr'>vide-</span> 
     </span>
     <span class='ocr_line' id='line_1_14' title="bbox 261 992 1623 1035; baseline 0.001 -10"><span class='ocrx_word' id='word_1_120' title='bbox 261 993 351 1031; x_wconf 87' lang='lat' dir='ltr'>licet,</span> <span class='ocrx_word' id='word_1_121' title='bbox 370 998 391 1012; x_wconf 76' lang='lat'>‘⁵</span> <span class='ocrx_word' id='word_1_122' title='bbox 410 1001 493 1025; x_wconf 84' lang='lat' dir='ltr'>XVI.</span> <span class='ocrx_word' id='word_1_123' title='bbox 513 993 642 1025; x_wconf 86' lang='lat' dir='ltr'>calend.</span> <span class='ocrx_word' id='word_1_124' title='bbox 661 992 796 1035; x_wconf 86' lang='lat' dir='ltr'>Aprilis</span> <span class='ocrx_word' id='word_1_125' title='bbox 815 992 902 1026; x_wconf 89' lang='lat' dir='ltr'>feria</span> <span class='ocrx_word' id='word_1_126' title='bbox 922 1002 972 1025; x_wconf 86' lang='lat' dir='ltr'>lv.</span> <span class='ocrx_word' id='word_1_127' title='bbox 991 993 1014 1025; x_wconf 87' lang='lat' dir='ltr'>J</span> <span class='ocrx_word' id='word_1_128' title='bbox 1017 994 1167 1026; x_wconf 89' lang='lat' dir='ltr'>ocelinus</span> <span class='ocrx_word' id='word_1_129' title='bbox 1187 994 1402 1032; x_wconf 86' lang='lat' dir='ltr'>venerabilis,</span> <span class='ocrx_word' id='word_1_130' title='bbox 1417 993 1623 1028; x_wconf 87' lang='lat' dir='ltr'>Glastonen-</span> 
     </span>
     <span class='ocr_line' id='line_1_15' title="bbox 260 1049 1622 1093; baseline 0.001 -12"><span class='ocrx_word' id='word_1_131' title='bbox 260 1049 307 1081; x_wconf 87' lang='lat' dir='ltr'>sis</span> <span class='ocrx_word' id='word_1_132' title='bbox 326 1050 485 1082; x_wconf 88' lang='lat' dir='ltr'>ecclesiae</span> <span class='ocrx_word' id='word_1_133' title='bbox 504 1049 659 1087; x_wconf 88' lang='lat' dir='ltr'>antistes,</span> <span class='ocrx_word' id='word_1_134' title='bbox 678 1049 765 1081; x_wconf 90' lang='lat' dir='ltr'>obiit</span> <span class='ocrx_word' id='word_1_135' title='bbox 783 1050 875 1092; x_wconf 86' lang='lat' dir='ltr'>apud</span> <span class='ocrx_word' id='word_1_136' title='bbox 894 1049 1042 1093; x_wconf 86' lang='lat' dir='ltr'>Melgos,</span> <span class='ocrx_word' id='word_1_137' title='bbox 1061 1049 1121 1082; x_wconf 92' lang='lat' dir='ltr'>ubi</span> <span class='ocrx_word' id='word_1_138' title='bbox 1141 1050 1214 1092; x_wconf 88' lang='lat' dir='ltr'>ipse</span> <span class='ocrx_word' id='word_1_139' title='bbox 1228 1050 1392 1083; x_wconf 84' lang='lat' dir='ltr'>extiterat</span> <span class='ocrx_word' id='word_1_140' title='bbox 1406 1051 1622 1083; x_wconf 83' lang='lat' dir='ltr'>venerandus</span> 
     </span>
     <span class='ocr_line' id='line_1_16' title="bbox 259 1105 1621 1148; baseline 0.001 -10"><span class='ocrx_word' id='word_1_141' title='bbox 259 1105 375 1144; x_wconf 85' lang='lat' dir='ltr'>abbas,</span> <span class='ocrx_word' id='word_1_142' title='bbox 408 1109 442 1137; x_wconf 88' lang='lat' dir='ltr'>et</span> <span class='ocrx_word' id='word_1_143' title='bbox 471 1105 599 1138; x_wconf 90' lang='lat' dir='ltr'>ibidem</span> <span class='ocrx_word' id='word_1_144' title='bbox 632 1105 669 1137; x_wconf 91' lang='lat' dir='ltr'>in</span> <span class='ocrx_word' id='word_1_145' title='bbox 697 1106 801 1138; x_wconf 85' lang='lat' dir='ltr'>choro</span> <span class='ocrx_word' id='word_1_146' title='bbox 831 1105 1080 1138; x_wconf 84' lang='lat' dir='ltr'>monachorum</span> <span class='ocrx_word' id='word_1_147' title='bbox 1111 1116 1153 1137; x_wconf 83' lang='lat' dir='ltr'>ex</span> <span class='ocrx_word' id='word_1_148' title='bbox 1181 1106 1309 1138; x_wconf 86' lang='lat' dir='ltr'>boreali</span> <span class='ocrx_word' id='word_1_149' title='bbox 1337 1111 1436 1148; x_wconf 83' lang='lat' dir='ltr'>parte</span> <span class='ocrx_word' id='word_1_150' title='bbox 1462 1107 1621 1140; x_wconf 85' lang='lat' dir='ltr'>ecclesiae</span> 
     </span>
     <span class='ocr_line' id='line_1_17' title="bbox 261 1160 1621 1206; baseline 0.001 -13"><span class='ocrx_word' id='word_1_151' title='bbox 261 1162 417 1204; x_wconf 90' lang='lat' dir='ltr'>sepultus</span> <span class='ocrx_word' id='word_1_152' title='bbox 446 1161 529 1194; x_wconf 88' lang='lat' dir='ltr'>est.”</span> <span class='ocrx_word' id='word_1_153' title='bbox 579 1161 647 1193; x_wconf 84' lang='lat' dir='ltr'>Sed</span> <span class='ocrx_word' id='word_1_154' title='bbox 674 1162 858 1206; x_wconf 86' lang='lat' dir='ltr'>legendum</span> <span class='ocrx_word' id='word_1_155' title='bbox 883 1165 945 1200; x_wconf 87' lang='lat' dir='ltr'>est,</span> <span class='ocrx_word' id='word_1_156' title='bbox 973 1165 993 1179; x_wconf 78' lang='lat'>‘⁶</span> <span class='ocrx_word' id='word_1_157' title='bbox 1013 1160 1230 1194; x_wconf 80' lang='lat' dir='ltr'>Glascoeusis</span> <span class='ocrx_word' id='word_1_158' title='bbox 1256 1162 1446 1200; x_wconf 53' lang='lat' dir='ltr'>ecclesiae?</span> <span class='ocrx_word' id='word_1_159' title='bbox 1472 1167 1506 1195; x_wconf 92' lang='lat' dir='ltr'>et</span> <span class='ocrx_word' id='word_1_160' title='bbox 1531 1170 1621 1206; x_wconf 83' lang='lat' dir='ltr'>post,</span> 
     </span>
     <span class='ocr_line' id='line_1_18' title="bbox 261 1217 876 1260; baseline 0.002 -11"><span class='ocrx_word' id='word_1_161' title='bbox 261 1221 281 1235; x_wconf 81' lang='lat'>‘⁶</span> <span class='ocrx_word' id='word_1_162' title='bbox 300 1217 387 1249; x_wconf 88' lang='lat' dir='ltr'>obiit</span> <span class='ocrx_word' id='word_1_163' title='bbox 404 1217 497 1259; x_wconf 88' lang='lat' dir='ltr'>apud</span> <span class='ocrx_word' id='word_1_164' title='bbox 517 1217 678 1249; x_wconf 86' lang='lat' dir='ltr'>Melros.&#39;&#39;</span> <span class='ocrx_word' id='word_1_165' title='bbox 730 1217 876 1260; x_wconf 85' lang='lat' dir='ltr'>Scripsit</span> 
     </span>
     <span class='ocr_line' id='line_1_19' title="bbox 404 1272 1622 1318; baseline 0.004 -14"><span class='ocrx_word' id='word_1_166' title='bbox 404 1272 457 1305; x_wconf 88' lang='lat' dir='ltr'>De</span> <span class='ocrx_word' id='word_1_167' title='bbox 476 1272 720 1305; x_wconf 86' lang='lat' dir='ltr'>Translatione</span> <span class='ocrx_word' id='word_1_168' title='bbox 738 1272 944 1317; x_wconf 80' lang='lat' dir='ltr'>Augustini,</span> <span class='ocrx_word' id='word_1_169' title='bbox 962 1273 1159 1318; x_wconf 88' lang='lat' dir='ltr'>Anglorum</span> <span class='ocrx_word' id='word_1_170' title='bbox 1178 1274 1353 1318; x_wconf 85' lang='lat' dir='ltr'>Apostoli,</span> <span class='ocrx_word' id='word_1_171' title='bbox 1456 1276 1517 1309; x_wconf 92' lang='lat' dir='ltr'>lib.</span> <span class='ocrx_word' id='word_1_172' title='bbox 1539 1285 1562 1309; x_wconf 88' lang='grc' dir='ltr'>Ι.</span> <span class='ocrx_word' id='word_1_173' title='bbox 1582 1281 1622 1309; x_wconf 87' lang='lat' dir='ltr'>ut</span> 
     </span>
     <span class='ocr_line' id='line_1_20' title="bbox 452 1329 1515 1373; baseline 0.005 -13"><span class='ocrx_word' id='word_1_174' title='bbox 452 1333 621 1361; x_wconf 84' lang='lat' dir='ltr'>memorat</span> <span class='ocrx_word' id='word_1_175' title='bbox 640 1329 962 1362; x_wconf 86' lang='lat' dir='ltr'>Malmesburiensis</span> <span class='ocrx_word' id='word_1_176' title='bbox 980 1330 1038 1362; x_wconf 92' lang='lat' dir='ltr'>lib.</span> <span class='ocrx_word' id='word_1_177' title='bbox 1060 1339 1111 1362; x_wconf 84' lang='lat' dir='ltr'>IV.</span> <span class='ocrx_word' id='word_1_178' title='bbox 1131 1341 1204 1373; x_wconf 86' lang='lat' dir='ltr'>cap.</span> <span class='ocrx_word' id='word_1_179' title='bbox 1224 1340 1249 1363; x_wconf 87' lang='grc' dir='ltr'>Ι.</span> <span class='ocrx_word' id='word_1_180' title='bbox 1268 1332 1335 1364; x_wconf 93' lang='lat' dir='ltr'>nisi</span> <span class='ocrx_word' id='word_1_181' title='bbox 1354 1332 1442 1364; x_wconf 85' lang='lat' dir='ltr'>alius</span> <span class='ocrx_word' id='word_1_182' title='bbox 1460 1333 1515 1365; x_wconf 90' lang='lat' dir='ltr'>sit.</span> 
     </span>
     <span class='ocr_line' id='line_1_21' title="bbox 308 1385 1621 1429; baseline 0.004 -13"><span class='ocrx_word' id='word_1_183' title='bbox 308 1385 421 1417; x_wconf 86' lang='lat' dir='ltr'>Roma</span> <span class='ocrx_word' id='word_1_184' title='bbox 446 1385 550 1417; x_wconf 88' lang='lat' dir='ltr'>rediit</span> <span class='ocrx_word' id='word_1_185' title='bbox 578 1393 783 1417; x_wconf 80' lang='lat' dir='ltr'>MCLXXXI.</span> <span class='ocrx_word' id='word_1_186' title='bbox 813 1396 928 1429; x_wconf 87' lang='lat' dir='ltr'>regem</span> <span class='ocrx_word' id='word_1_187' title='bbox 960 1385 1132 1428; x_wconf 84' lang='lat' dir='ltr'>baptismo</span> <span class='ocrx_word' id='word_1_188' title='bbox 1158 1387 1270 1420; x_wconf 84' lang='lat' dir='ltr'>abluit</span> <span class='ocrx_word' id='word_1_189' title='bbox 1301 1398 1392 1420; x_wconf 83' lang='lat' dir='ltr'>anno</span> <span class='ocrx_word' id='word_1_190' title='bbox 1420 1396 1621 1421; x_wconf 82' lang='lat' dir='ltr'>Mcxcvm.</span> 
     </span>
     <span class='ocr_line' id='line_1_22' title="bbox 260 1440 1621 1485; baseline 0.003 -11"><span class='ocrx_word' id='word_1_191' title='bbox 260 1441 344 1474; x_wconf 89' lang='lat' dir='ltr'>obiit</span> <span class='ocrx_word' id='word_1_192' title='bbox 363 1451 453 1474; x_wconf 85' lang='lat' dir='ltr'>anno</span> <span class='ocrx_word' id='word_1_193' title='bbox 471 1441 639 1483; x_wconf 80' lang='lat' dir='ltr'>sequenti.</span> <span class='ocrx_word' id='word_1_194' title='bbox 691 1440 874 1473; x_wconf 86' lang='lat' dir='ltr'>Nostrates</span> <span class='ocrx_word' id='word_1_195' title='bbox 898 1442 940 1474; x_wconf 92' lang='lat' dir='ltr'>de</span> <span class='ocrx_word' id='word_1_196' title='bbox 963 1452 1002 1474; x_wconf 89' lang='lat' dir='ltr'>eo</span> <span class='ocrx_word' id='word_1_197' title='bbox 1027 1446 1152 1481; x_wconf 85' lang='lat' dir='ltr'>tacent,</span> <span class='ocrx_word' id='word_1_198' title='bbox 1177 1448 1314 1485; x_wconf 84' lang='lat' dir='ltr'>praeter</span> <span class='ocrx_word' id='word_1_199' title='bbox 1341 1443 1621 1478; x_wconf 86' lang='lat' dir='ltr'>Scotichronicon</span> 
     </span>
     <span class='ocr_line' id='line_1_23' title="bbox 260 1497 1354 1543; baseline 0.003 -15"><span class='ocrx_word' id='word_1_200' title='bbox 260 1497 317 1530; x_wconf 89' lang='lat' dir='ltr'>lib.</span> <span class='ocrx_word' id='word_1_201' title='bbox 339 1505 411 1529; x_wconf 79' lang='grc' dir='ltr'>ΠΧ.</span> <span class='ocrx_word' id='word_1_202' title='bbox 430 1507 503 1539; x_wconf 81' lang='lat' dir='ltr'>cap.</span> <span class='ocrx_word' id='word_1_203' title='bbox 523 1504 637 1528; x_wconf 87' lang='lat' dir='ltr'>XXIV.</span> <span class='ocrx_word' id='word_1_204' title='bbox 658 1505 789 1529; x_wconf 85' lang='lat' dir='ltr'>XXXX.</span> <span class='ocrx_word' id='word_1_205' title='bbox 810 1505 875 1529; x_wconf 90' lang='lat' dir='ltr'>LX.</span> <span class='ocrx_word' id='word_1_206' title='bbox 893 1498 954 1540; x_wconf 89' lang='lat' dir='ltr'>qui</span> <span class='ocrx_word' id='word_1_207' title='bbox 973 1497 1073 1530; x_wconf 89' lang='lat' dir='ltr'>officii</span> <span class='ocrx_word' id='word_1_208' title='bbox 1092 1499 1166 1543; x_wconf 90' lang='lat' dir='ltr'>ejus</span> <span class='ocrx_word' id='word_1_209' title='bbox 1185 1500 1354 1532; x_wconf 82' lang='lat' dir='ltr'>meminit.</span> 
     </span>
    </p>
   </div>
   <div class='ocr_carea' id='block_1_3' title="bbox 687 1581 1187 1643">
    <p class='ocr_par' dir='ltr' id='par_1_3' title="bbox 687 1581 1187 1643">
     <span class='ocr_line' id='line_1_24' title="bbox 687 1581 1187 1643; baseline 0.006 -3"><span class='ocrx_word' id='word_1_210' title='bbox 687 1581 729 1640; x_wconf 72' lang='grc' dir='ltr'>Β.</span> <span class='ocrx_word' id='word_1_211' title='bbox 757 1608 1055 1643; x_wconf 84' lang='lat' dir='ltr'>GAUFRIDUS.</span> <span class='ocrx_word' id='word_1_212' title='bbox 1107 1610 1187 1643; x_wconf 89' lang='lat'>611.</span> 
     </span>
    </p>
   </div>
   <div class='ocr_carea' id='block_1_4' title="bbox 259 1719 1622 1978">
    <p class='ocr_par' dir='ltr' id='par_1_4' title="bbox 259 1719 1622 1978">
     <span class='ocr_line' id='line_1_25' title="bbox 261 1719 1621 1769; baseline 0.004 -17"><span class='ocrx_word' id='word_1_213' title='bbox 261 1720 302 1753; x_wconf 93' lang='lat' dir='ltr'>B.</span> <span class='ocrx_word' id='word_1_214' title='bbox 335 1720 582 1759; x_wconf 80' lang='lat' dir='ltr'>GAUFRIDUS,</span> <span class='ocrx_word' id='word_1_215' title='bbox 613 1719 717 1753; x_wconf 86' lang='lat' dir='ltr'>abbas</span> <span class='ocrx_word' id='word_1_216' title='bbox 747 1720 1015 1760; x_wconf 88' lang='lat' dir='ltr'>Dunfermelini,</span> <span class='ocrx_word' id='word_1_217' title='bbox 1045 1723 1223 1756; x_wconf 87' lang='lat' dir='ltr'>ecelesiam</span> <span class='ocrx_word' id='word_1_218' title='bbox 1251 1723 1420 1757; x_wconf 85' lang='lat' dir='ltr'>Scoticam</span> <span class='ocrx_word' id='word_1_219' title='bbox 1451 1726 1505 1758; x_wconf 90' lang='lat' dir='ltr'>sui</span> <span class='ocrx_word' id='word_1_220' title='bbox 1530 1726 1621 1769; x_wconf 86' lang='lat' dir='ltr'>juris</span> 
     </span>
     <span class='ocr_line' id='line_1_26' title="bbox 259 1776 1622 1820; baseline 0.004 -11"><span class='ocrx_word' id='word_1_221' title='bbox 259 1777 371 1810; x_wconf 86' lang='lat' dir='ltr'>facere</span> <span class='ocrx_word' id='word_1_222' title='bbox 401 1777 484 1809; x_wconf 84' lang='lat' dir='ltr'>totis</span> <span class='ocrx_word' id='word_1_223' title='bbox 515 1777 647 1809; x_wconf 86' lang='lat' dir='ltr'>viribus</span> <span class='ocrx_word' id='word_1_224' title='bbox 674 1776 842 1815; x_wconf 87' lang='lat' dir='ltr'>incubuit,</span> <span class='ocrx_word' id='word_1_225' title='bbox 868 1778 961 1820; x_wconf 89' lang='lat' dir='ltr'>quod</span> <span class='ocrx_word' id='word_1_226' title='bbox 987 1782 1021 1811; x_wconf 91' lang='lat' dir='ltr'>et</span> <span class='ocrx_word' id='word_1_227' title='bbox 1047 1784 1250 1812; x_wconf 86' lang='lat' dir='ltr'>consecutus</span> <span class='ocrx_word' id='word_1_228' title='bbox 1277 1791 1347 1813; x_wconf 89' lang='lat' dir='ltr'>non</span> <span class='ocrx_word' id='word_1_229' title='bbox 1375 1780 1518 1814; x_wconf 88' lang='lat' dir='ltr'>obscure</span> <span class='ocrx_word' id='word_1_230' title='bbox 1544 1793 1622 1815; x_wconf 85' lang='lat' dir='ltr'>nar-</span> 
     </span>
     <span class='ocr_line' id='line_1_27' title="bbox 260 1832 1519 1880; baseline 0.005 -16"><span class='ocrx_word' id='word_1_231' title='bbox 260 1837 359 1865; x_wconf 89' lang='lat' dir='ltr'>ratur</span> <span class='ocrx_word' id='word_1_232' title='bbox 376 1843 396 1865; x_wconf 87' lang='lat' dir='ltr'>a</span> <span class='ocrx_word' id='word_1_233' title='bbox 415 1832 504 1876; x_wconf 89' lang='lat' dir='ltr'>Rog.</span> <span class='ocrx_word' id='word_1_234' title='bbox 524 1833 566 1865; x_wconf 92' lang='lat' dir='ltr'>de</span> <span class='ocrx_word' id='word_1_235' title='bbox 587 1832 756 1865; x_wconf 85' lang='lat' dir='ltr'>Hoveden</span> <span class='ocrx_word' id='word_1_236' title='bbox 773 1832 902 1866; x_wconf 85' lang='lat' dir='ltr'>Annal.</span> <span class='ocrx_word' id='word_1_237' title='bbox 920 1839 1010 1876; x_wconf 85' lang='lat' dir='ltr'>part.</span> <span class='ocrx_word' id='word_1_238' title='bbox 1030 1843 1071 1867; x_wconf 92' lang='lat'>11.</span> <span class='ocrx_word' id='word_1_239' title='bbox 1090 1845 1170 1879; x_wconf 87' lang='lat' dir='ltr'>pag.</span> <span class='ocrx_word' id='word_1_240' title='bbox 1190 1844 1320 1868; x_wconf 82' lang='lat' dir='ltr'>CCCXI.</span> <span class='ocrx_word' id='word_1_241' title='bbox 1373 1836 1519 1880; x_wconf 85' lang='lat' dir='ltr'>Scripsit</span> 
     </span>
     <span class='ocr_line' id='line_1_28' title="bbox 410 1887 1378 1931; baseline 0.004 -11"><span class='ocrx_word' id='word_1_242' title='bbox 410 1888 476 1921; x_wconf 89' lang='lat' dir='ltr'>Pro</span> <span class='ocrx_word' id='word_1_243' title='bbox 494 1888 727 1931; x_wconf 75' lang='lat' dir='ltr'>Exemptione</span> <span class='ocrx_word' id='word_1_244' title='bbox 746 1887 920 1922; x_wconf 86' lang='lat' dir='ltr'>Ecclesiae</span> <span class='ocrx_word' id='word_1_245' title='bbox 938 1889 1093 1923; x_wconf 83' lang='lat' dir='ltr'>Scoticae</span> <span class='ocrx_word' id='word_1_246' title='bbox 1275 1891 1334 1924; x_wconf 92' lang='lat' dir='ltr'>lib.</span> <span class='ocrx_word' id='word_1_247' title='bbox 1355 1901 1378 1924; x_wconf 93' lang='lat'>1.</span> 
     </span>
     <span class='ocr_line' id='line_1_29' title="bbox 311 1944 761 1978; baseline 0 -2"><span class='ocrx_word' id='word_1_248' title='bbox 311 1944 448 1978; x_wconf 90' lang='lat' dir='ltr'>Floruit</span> <span class='ocrx_word' id='word_1_249' title='bbox 466 1955 557 1977; x_wconf 89' lang='lat' dir='ltr'>anno</span> <span class='ocrx_word' id='word_1_250' title='bbox 576 1952 761 1977; x_wconf 81' lang='lat' dir='ltr'>MCLxxv.</span> 
     </span>
    </p>
   </div>
   <div class='ocr_carea' id='block_1_5' title="bbox 726 2055 1156 2093">
    <p class='ocr_par' dir='ltr' id='par_1_5' title="bbox 726 2055 1156 2093">
     <span class='ocr_line' id='line_1_30' title="bbox 726 2055 1156 2093; baseline 0.009 -4"><span class='ocrx_word' id='word_1_251' title='bbox 726 2055 1023 2093; x_wconf 88' lang='lat' dir='ltr'>GREGORIUS.</span> <span class='ocrx_word' id='word_1_252' title='bbox 1076 2058 1156 2093; x_wconf 76' lang='lat'>612.</span> 
     </span>
    </p>
   </div>
   <div class='ocr_carea' id='block_1_6' title="bbox 261 2167 1620 2314">
    <p class='ocr_par' dir='ltr' id='par_1_6' title="bbox 261 2167 1620 2314">
     <span class='ocr_line' id='line_1_31' title="bbox 262 2167 1620 2218; baseline 0.007 -19"><span class='ocrx_word' id='word_1_253' title='bbox 262 2167 506 2206; x_wconf 81' lang='lat' dir='ltr'>GREGORIUS,</span> <span class='ocrx_word' id='word_1_254' title='bbox 549 2168 728 2211; x_wconf 86' lang='lat' dir='ltr'>episcopus</span> <span class='ocrx_word' id='word_1_255' title='bbox 772 2168 964 2209; x_wconf 84' lang='lat' dir='ltr'>Rossensis,</span> <span class='ocrx_word' id='word_1_256' title='bbox 1008 2177 1221 2205; x_wconf 87' lang='lat' dir='ltr'>memoratur</span> <span class='ocrx_word' id='word_1_257' title='bbox 1262 2184 1282 2206; x_wconf 85' lang='lat' dir='ltr'>a</span> <span class='ocrx_word' id='word_1_258' title='bbox 1322 2174 1460 2218; x_wconf 82' lang='lat' dir='ltr'>Rogero</span> <span class='ocrx_word' id='word_1_259' title='bbox 1504 2175 1620 2209; x_wconf 85' lang='lat' dir='ltr'>Hove-</span> 
     </span>
     <span class='ocr_line' id='line_1_32' title="bbox 261 2223 1620 2273; baseline 0.007 -17"><span class='ocrx_word' id='word_1_260' title='bbox 261 2224 328 2256; x_wconf 87' lang='lat' dir='ltr'>den</span> <span class='ocrx_word' id='word_1_261' title='bbox 370 2223 499 2257; x_wconf 90' lang='lat' dir='ltr'>Annal.</span> <span class='ocrx_word' id='word_1_262' title='bbox 550 2229 640 2267; x_wconf 88' lang='lat' dir='ltr'>part.</span> <span class='ocrx_word' id='word_1_263' title='bbox 685 2233 726 2256; x_wconf 93' lang='lat'>11.</span> <span class='ocrx_word' id='word_1_264' title='bbox 777 2235 855 2269; x_wconf 85' lang='lat' dir='ltr'>pag.</span> <span class='ocrx_word' id='word_1_265' title='bbox 900 2234 1147 2260; x_wconf 81' lang='lat' dir='ltr'>CCCCXXVIII.</span> <span class='ocrx_word' id='word_1_266' title='bbox 1224 2229 1284 2262; x_wconf 89' lang='lat' dir='ltr'>An</span> <span class='ocrx_word' id='word_1_267' title='bbox 1334 2231 1509 2273; x_wconf 86' lang='lat' dir='ltr'>scripserit</span> <span class='ocrx_word' id='word_1_268' title='bbox 1559 2233 1620 2264; x_wconf 79' lang='lat' dir='ltr'>ali-</span> 
     </span>
     <span class='ocr_line' id='line_1_33' title="bbox 912 2284 979 2314; baseline 0.015 -1"><span class='ocrx_word' id='word_1_269' title='bbox 912 2284 932 2313; x_wconf 78' lang='lat'><strong>2</strong></span> <span class='ocrx_word' id='word_1_270' title='bbox 952 2290 979 2314; x_wconf 85' lang='lat' dir='ltr'>X</span> 
     </span>
    </p>
   </div>
  </div>
 </body>
</html>
