1861 2682
261 270 321 299 156
636 273 861 304 HISTORIA
886 273 1247 304 ECCLESIASTICA

264 362 416 406 insignia
433 369 658 397 monumenta
676 369 710 396 et
727 364 892 406 reliquiae
910 364 946 395 in
970 364 1109 396 ecclesia
1130 363 1356 396 Dunelmensi
1380 362 1617 395 asservabant-

263 429 314 456 ur,
344 430 413 462 quo
441 430 483 452 ex
510 421 624 452 insula
647 419 926 452 Lindisfarorum
953 429 1089 451 sacrum
1113 419 1222 461 ipsius
1244 428 1367 460 corpus
1397 418 1615 450 translatum.

263 474 353 507 Acta
371 475 464 508 illius
483 477 652 508 ecclesiae.
706 475 852 517 Scripsit

408 530 680 564 Exhortationes
698 532 741 564 ad
759 530 899 563 Fratres
1129 529 1187 561 lib.
1208 537 1231 560 1.

406 586 576 631 Regulam
595 587 825 620 Monasticam
1127 585 1185 617 lib.
1207 594 1230 617 1.
1261 583 1311 617 Et
1341 585 1409 618 alia
1435 596 1523 628 quae
1554 596 1617 628 ego

454 652 522 674 non
542 642 624 679 vidi,
644 652 715 679 nec,
734 646 774 673 ut
791 645 887 683 puto,
902 646 1034 678 extant,
1053 640 1176 673 recitat
1196 645 1311 673 tamen
1330 640 1489 673 Balaeus.

311 696 474 729 Florebat
492 708 582 729 anno
601 705 802 729 DCLXXIII.
854 696 978 728 Sedere
1001 696 1111 738 coepit
1138 695 1381 729 Lindisfarnae
1399 703 1616 729 consecratus

262 753 405 785 antistes
424 763 514 784 anno
533 761 745 784 DCLXXXV.
796 752 894 784 Obiit
911 762 1002 784 anno
1021 760 1282 784 DCLXXXVIII.
1311 753 1376 791 vel,
1402 757 1442 785 ut
1460 752 1617 797 Sigeber-

262 813 318 840 tus
337 808 592 840 Gemblacensis
612 810 698 846 vult,
716 819 806 841 anno
826 815 1069 840 DCLXXXVII.
1117 807 1260 840 Sacrum
1275 808 1350 851 ejus
1368 818 1502 850 corpus,
1521 814 1616 840 metu

260 864 463 905 piratarum,
492 875 534 896 ex
562 864 677 896 insula
703 865 762 896 illa
792 864 846 896 cui
875 863 1026 906 praefuit
1050 862 1224 896 Eadulfus
1249 864 1429 906 episcopus
1463 864 1615 901 sustulit,

260 924 294 951 et
311 919 491 962 septennio
509 924 582 952 toto
600 924 759 964 vagatus,
773 919 937 953 Dunelmi
953 920 1091 952 tandem
1106 919 1266 963 deposuit
1280 930 1371 952 anno
1388 928 1614 953 DCCCLXXV.

261 974 389 1008 Matth.
410 975 658 1009 XVestmonast.
679 976 722 1009 ad
739 976 837 1009 illum
857 986 998 1008 annum.

677 1071 711 1104 S.
739 1070 1061 1105 CEOLFRIDUS.
1114 1074 1193 1105 235.

260 1145 294 1176 S.
321 1145 591 1184 CEOLFRIDUS‚
616 1146 744 1178 illustri
768 1146 842 1178 loco
866 1149 980 1182 natus,
1007 1143 1260 1176 Glastoniensis
1287 1145 1323 1176 in
1348 1143 1480 1189 Anglia
1498 1144 1614 1182 abbas,

259 1211 301 1233 ex
333 1213 452 1234 eorum
480 1213 624 1235 numero
653 1202 712 1245 qui
743 1201 886 1233 sanctos
914 1199 1079 1232 Adanum
1104 1205 1138 1232 et
1162 1199 1362 1232 Finnanum
1386 1201 1421 1232 in
1447 1199 1614 1244 Angliam

259 1258 378 1296 secuti,
396 1262 572 1290 strenuam
591 1268 742 1300 operam,
763 1256 998 1290 Christianam
1018 1256 1183 1298 pietatem
1202 1260 1242 1288 ut
1260 1256 1307 1287 ibi
1325 1256 1535 1298 plantarent,
1556 1266 1614 1288 na-

260 1318 397 1351 varunt,
424 1314 564 1358 regibus
590 1314 701 1346 Scotis
727 1313 909 1345 Malduino
936 1316 970 1343 et
992 1309 1153 1354 Eugenio
1172 1310 1216 1343 V.
1242 1310 1435 1349 familiaris,
1461 1311 1614 1355 Eugenii

259 1369 363 1402 etiam
398 1374 611 1412 praeceptor.
663 1368 877 1412 Reginaldus
904 1366 1098 1398 cardinalis.
1150 1365 1240 1398 Cum
1269 1365 1410 1399 Nerano
1434 1366 1614 1399 Pictorum

259 1435 338 1469 rege
364 1425 553 1457 amicitiam
580 1425 696 1463 coluit,
729 1428 763 1456 et
793 1423 970 1455 consultus
1000 1422 1043 1454 ab
1071 1422 1189 1454 eodem
1216 1422 1327 1454 multa
1352 1422 1453 1454 utilia
1478 1422 1515 1454 in
1541 1423 1615 1466 ejus

259 1481 408 1524 gratiam
426 1480 463 1512 in
482 1480 610 1522 scripta
627 1480 758 1518 retulit,
778 1483 817 1511 ut
835 1482 1000 1511 testatum
1019 1477 1165 1509 Arnold.
1185 1477 1303 1509 Uvion
1321 1477 1472 1519 reliquit.
1508 1477 1614 1511 Tanti

259 1541 375 1568 autem
401 1536 566 1568 momenti
592 1536 675 1568 haec
699 1535 795 1567 fuere
820 1545 934 1577 opera,
960 1539 999 1566 ut
1025 1533 1166 1576 Sergius
1198 1544 1286 1575 papa
1313 1543 1352 1564 ea
1376 1533 1440 1565 sibi
1466 1533 1615 1566 Romam

259 1592 350 1624 mitti
370 1602 390 1624 a
407 1590 441 1623 S.
461 1591 556 1624 Beda
574 1591 814 1634 postulaverit,
831 1594 872 1622 ut
889 1590 962 1632 ipse
980 1589 1096 1631 prodit
1113 1589 1178 1620 sub
1200 1599 1329 1620 annum
1356 1597 1503 1621 DCCVII.
1559 1589 1616 1621 Vi-

260 1652 330 1679 tam
348 1648 423 1692 ejus
450 1648 587 1690 scripsit
608 1647 833 1679 &Vichbertus
859 1645 986 1678 Deirus
1012 1645 1056 1677 ad
1080 1643 1289 1688 Gregorium
1314 1643 1361 1676 ΙΙ.
1405 1644 1550 1677 Relatus
1577 1646 1614 1677 iu

259 1707 395 1736 sanctos
413 1703 539 1736 colitur
557 1703 611 1735 die
631 1711 727 1735 XXV.
753 1701 945 1744 Septembr.
979 1699 1131 1733 Usuard.
1156 1699 1337 1732 Addition.
1375 1698 1465 1743 Ejus
1489 1700 1615 1734 haben-

261 1764 337 1791 tur:

404 1814 584 1858 Epistolae
607 1816 651 1848 ad
675 1814 855 1847 Neranum
875 1824 936 1846 seu
959 1812 1163 1849 Naitanum‚
1188 1818 1249 1845 aut
1273 1811 1480 1850 Neetanum,
1501 1811 1615 1845 Picto—

451 1882 527 1903 rum
544 1871 687 1915 Regem,
1267 1867 1325 1900 lib.
1346 1876 1370 1899 1.
1397 1878 1458 1900 seu
1476 1866 1615 1910 Episto-

501 1927 545 1965 la,
564 1932 605 1959 ut
622 1927 770 1959 habetur
787 1926 878 1968 apud
897 1924 1027 1957 Bedam
1054 1923 1112 1956 lib.
1132 1931 1166 1954 v.
1186 1933 1258 1966 cap.
1279 1931 1381 1954 XXII.

403 1981 455 2014 De
474 1982 712 2015 Celebratione
730 1981 882 2014 Paschae
1269 1978 1328 2011 lib.
1350 1987 1373 2010 1.

405 2037 458 2070 De
477 2037 639 2071 Tonsura
656 2037 868 2069 Clericorum
1272 2034 1330 2066 lib.
1352 2042 1375 2066 Ι.

405 2092 640 2125 Homiliarum
658 2092 864 2125 solemnium
1271 2090 1329 2123 lib.
1351 2099 1374 2122 1.

405 2147 669 2181 Testamentum
687 2148 730 2180 ad
749 2147 984 2180 Humbertum
1270 2146 1329 2179 lib.
1350 2155 1373 2178 1.

405 2201 584 2246 Epistolae
603 2204 645 2236 ad
664 2203 853 2236 Monachos
1271 2202 1330 2235 lib.
1352 2211 1374 2234 1.

404 2258 457 2292 De
475 2258 684 2301 baptizando
702 2259 890 2291 secundum
911 2257 1034 2291 Ritum
1054 2257 1253 2291 Romanurn
1272 2259 1330 2291 lib.
1352 2267 1375 2290 Ι.

307 2314 485 2348 Scribebat
515 2325 605 2348 anno
625 2323 789 2348 DCXCIX.
817 2314 915 2347 Obiit
942 2314 976 2346 in
1004 2314 1126 2347 itinere
1153 2314 1312 2347 Romano
1339 2313 1555 2358 Lingonibus
1580 2314 1615 2346 in
