1861 2682
621 242 793 275 GENTIS
817 241 1088 280 SCOTORUM,
1112 242 1200 274 LIB.
1224 242 1300 273 VII.
1577 246 1639 277 307

277 340 351 369 tum
386 346 422 369 se
455 335 582 368 divinis
617 346 830 374 consecrans,
865 346 972 378 prope
1005 335 1230 374 Dunelmum,
1269 346 1357 379 quae
1391 340 1474 369 tunc
1511 336 1634 370 civitas

277 391 430 424 Scoticae
455 392 597 424 ditionis
624 396 709 431 erat,
737 392 948 424 eremiticam
975 392 1086 425 vitam
1112 391 1265 425 animose
1292 392 1535 435 praesumpsit,
1563 394 1637 437 glo-

276 448 366 480 riose
391 448 570 480 sustinuit.
622 447 761 480 Exinde
788 447 934 480 Terram
960 446 1123 481 Sanctum
1148 448 1351 492 peregrinus
1377 448 1551 487 lustravit,
1576 449 1636 482 do-

276 514 441 547 mumque
474 504 511 536 iu
545 503 698 537 Scotiam
731 504 877 541 rediens,
912 503 948 536 S.
980 503 1149 536 Jacobum
1179 504 1216 536 in
1244 504 1374 537 Galitia
1404 505 1574 544 adoravit,
1603 510 1637 538 et

276 560 312 591 in
340 560 542 592 austeritate
574 559 665 592 vitae
692 570 927 602 perseverans,
953 559 1106 592 monitus
1132 570 1153 592 a
1177 559 1212 592 S.
1240 559 1417 594 Cudberto
1442 559 1555 600 Scoto,
1582 572 1633 594 se-

274 614 426 647 cundum
460 615 495 647 in
531 615 743 648 Palestinam
773 616 840 648 iter
872 615 1130 648 ferventissimo
1159 615 1299 658 pietatis
1333 616 1459 650 affectu
1494 617 1632 650 direxit.

276 669 372 703 Haec
391 670 520 703 Matth.
540 670 694 704 Parisii]
721 671 896 704 Richardo
923 671 970 704 11.
997 675 1032 705 et
1058 671 1259 705 Matthaeus
1286 672 1635 707 &Vestmonasterien-

273 726 320 758 sis
349 727 392 759 ad
418 737 549 759 annum
572 735 670 759 MCX.
724 726 850 760 Redux
875 728 912 759 in
938 727 1089 760 Scotiam
1114 732 1193 770 post
1218 728 1400 772 sexaginta
1417 733 1508 762 totos
1526 740 1635 763 annos

274 782 309 814 in
336 793 451 815 eremo
476 783 651 821 toleratos,
677 783 712 815 S.
740 782 902 816 Andreae
927 783 1107 826 episcopus
1133 783 1201 816 fuit
1226 784 1364 823 electus,
1391 789 1426 817 et
1451 784 1634 830 Edgarum

273 849 400 882 regem,
436 838 496 871 SS.
533 838 710 871 Malcolmi
744 844 778 872 et
817 839 1037 884 Margaretae
1070 839 1181 873 filium
1214 847 1391 883 quartum,
1426 851 1522 874 sacro
1561 844 1635 876 oleo

272 894 396 933 unxit3
423 898 457 927 et
475 895 558 937 quia
575 898 655 927 ante
672 905 790 939 regem
807 895 907 928 illum
925 896 1042 928 nullus
1064 895 1101 927 in
1127 895 1243 929 Scotia
1259 897 1345 941 ungi
1363 897 1505 936 solebat,
1532 898 1632 932 Hect.

271 950 395 983 Boeth.
415 950 473 983 lib.
495 959 567 983 X11.
585 950 739 983 Joannes
757 950 922 984 Leslaeus
940 951 999 984 lib.
1020 960 1072 984 VI.
1096 950 1248 985 Joannes
1268 952 1385 997 Major
1407 954 1466 987 lib.
1487 962 1546 987 ΙΙΙ.
1570 954 1634 988 Hi-

271 1012 354 1038 stor.
382 1005 534 1050 Magnae
561 1006 765 1040 Britanniae
795 1017 868 1050 cap.
901 1016 956 1040 X1.
988 1007 1065 1040 ideo
1090 1007 1318 1041 insulsissime
1343 1010 1474 1054 colligit
1500 1009 1634 1043 Gilber-

270 1067 327 1094 tus
362 1061 604 1095 Genebrardus
639 1062 676 1095 in
710 1062 945 1108 Chronologia
977 1063 1021 1096 ad
1055 1074 1186 1096 annum
1222 1073 1400 1098 MXCVIII.
1431 1065 1525 1099 hunc
1554 1066 1634 1100 Sco-

271 1123 387 1151 torum
428 1129 552 1163 regum
594 1117 701 1151 fuisse
736 1119 911 1161 primum3
941 1119 1050 1163 quasi
1089 1120 1162 1152 sola
1194 1121 1382 1160 coronatio,
1417 1121 1536 1166 clypeo
1570 1123 1634 1156 im-

269 1174 407 1216 positio,
437 1174 595 1213 elevatio,
626 1185 803 1207 armorum
829 1175 983 1214 traditio,
1014 1176 1225 1216 acclamatio,
1253 1187 1370 1222 regem
1396 1179 1487 1221 apud
1518 1180 1632 1213 varias

267 1233 387 1273 gentes
423 1240 492 1262 non
526 1229 664 1262 faceret.
725 1229 792 1263 Sed
826 1231 921 1264 aliud
956 1232 1057 1276 longe
1091 1232 1301 1272 mirandum,
1333 1234 1504 1267 vomicam
1537 1235 1633 1268 illam

268 1285 442 1327 impuram
468 1286 681 1324 stoliditatis,
708 1285 879 1319 Joannem
904 1286 1094 1326 Pstsaeum,
1118 1298 1198 1320 eum
1221 1288 1380 1333 Anglum
1405 1289 1527 1329 facere,
1553 1302 1632 1325 cum

270 1345 403 1374 constet
421 1342 476 1374 vel
494 1341 614 1374 Balaei
641 1342 800 1386 magistri
827 1343 881 1375 sui
907 1343 1118 1383 testimonio,
1145 1345 1182 1377 in
1208 1343 1324 1378 Scotia
1349 1350 1482 1386 natum,
1510 1348 1633 1381 educa-

267 1402 354 1435 tum,
380 1397 490 1430 vitam
517 1397 728 1430 eremiticam
755 1398 906 1437 duxisse,
933 1399 977 1431 ad
1003 1400 1240 1443 episcopatum
1265 1407 1495 1444 assumptum,
1522 1404 1632 1436 vitam

267 1453 441 1491 clausisse,
459 1454 645 1496 sepultum,
664 1453 814 1497 denique
830 1455 1006 1488 miraculis
1020 1455 1234 1489 inclaruisse.
1284 1456 1450 1490 Leslaeus
1467 1459 1541 1492 loco
1558 1461 1632 1493 lau-

266 1508 347 1541 dato
373 1519 453 1553 pag.
480 1517 649 1542 CCXVIII.
703 1509 918 1544 Scotichron.
942 1511 1001 1544 lib.
1028 1520 1081 1545 VI.
1111 1522 1185 1555 cap.
1213 1521 1327 1546 XXIV.
1377 1513 1497 1548 Vitam
1520 1516 1630 1559 ipsius

266 1563 301 1596 N
304 1564 432 1598 icolaus
452 1565 700 1598 Benedictinus
719 1565 975 1607 Dunelmensis,
991 1569 1269 1614 congregationis
1286 1569 1534 1611 Cluniacensis‚
1555 1583 1631 1605 sex-

265 1621 386 1664 aginta
403 1622 503 1654 annis
521 1626 599 1664 post
617 1621 692 1665 ejus
711 1626 858 1655 mortem
876 1624 1104 1667 conscripsit3
1132 1636 1221 1668 quae
1239 1626 1344 1659 etiam
1363 1626 1505 1660 Scotum
1522 1627 1630 1662 fuisse

265 1677 404 1710 evincit.
457 1677 603 1720 Scripsit

408 1733 462 1766 De
480 1733 564 1766 Vita
582 1738 616 1766 et
634 1732 777 1767 Visione
795 1733 884 1768 Orni
1028 1736 1087 1770 lib.
1108 1746 1132 1770 1.
1185 1736 1263 1770 Hoc
1280 1749 1366 1782 opus
1384 1739 1556 1774 dedicavit
1575 1742 1629 1774 vir

456 1794 596 1822 sanctus
639 1789 791 1823 Simeoni
834 1790 1062 1824 Dunelmensi
1099 1794 1325 1836 praecentori,
1364 1794 1469 1828 etiam
1509 1807 1627 1829 mona-

458 1845 532 1878 cho.

409 1901 655 1936 Meditationes
673 1903 710 1935 in
729 1902 939 1937 Psalterium
1115 1905 1173 1939 lib.
1194 1915 1218 1939 1.
1237 1906 1361 1940 habuit
1379 1908 1470 1940 enim
1490 1919 1625 1952 semper

456 1969 560 2000 penes
585 1970 630 1997 se,
662 1964 697 1992 et
722 1969 838 1992 secum
865 1960 946 1993 tulit
972 1959 1008 1992 in
1034 1962 1383 2006 peregrinationibus,
1415 1963 1623 1998 Psalterium

456 2013 540 2046 Divi
560 2014 780 2059 Hieronymi.

408 2069 570 2113 Hymnos
588 2070 629 2103 de
647 2070 782 2105 Sanctis
1131 2073 1190 2107 lib.
1210 2083 1234 2107 1.

407 2124 653 2169 Paraphrasim
672 2127 709 2160 in
726 2127 749 2159 J
751 2128 794 2161 ob
1130 2130 1189 2163 lib.
1210 2138 1234 2162 Ι.

406 2181 526 2214 Flores
544 2181 804 2226 Scripturarum
1130 2186 1189 2219 lib.
1211 2195 1234 2219 Ι,

310 2236 472 2270 Florebat
489 2249 580 2271 anno
600 2247 697 2272 MCX.
717 2245 757 2273 ut
774 2240 916 2274 dictum.
