1861 2682
283 301 342 329 120
649 300 873 332 HISTORIA
897 299 1259 331 ECCLESIASTICA

287 393 452 425 bellorum
470 393 663 435 supplicum
681 392 791 436 elogio
809 389 995 424 honorifico
1013 394 1064 422 est
1081 389 1240 423 donatus.
1292 388 1381 433 Ejus
1400 392 1502 422 sunt:

432 447 596 490 Princeps
614 447 790 480 Ciceronis
1251 444 1310 477 lib.
1331 453 1354 477 1.

431 502 559 535 Orator
577 502 753 535 Ciceronis
1250 499 1309 532 lib.
1330 509 1354 532 1.

433 557 579 591 Senator
596 558 770 591 Ciceronis
1251 555 1310 588 lib.
1330 564 1354 588 Ι.

433 613 474 646 In
494 613 610 646 omnia
626 613 801 646 Ciceronis
820 612 936 655 Opera
954 610 1224 645 Observationes
1250 610 1310 643 lib.
1329 619 1354 643 Ι.

340 668 437 702 Vivit
456 669 567 702 adhuc
585 668 756 707 Lutetiae,
774 672 808 701 et
826 668 927 710 plura
945 667 1098 700 molitur.

587 778 898 812 GUILIELMUS
924 776 1216 811 BARCLAIUS.
1269 780 1311 811 21
1319 781 1349 810 1.

289 894 548 926 GUILIELMUS
566 890 756 929 Barelaius
775 891 989 924 nobilissimo
1006 891 1080 923 loco
1097 894 1204 929 ortus,
1224 890 1362 923 baronis
1386 888 1499 922 Tauvi
1526 889 1644 926 frater,

287 948 421 993 generis
439 947 717 991 magnitudinem
734 946 864 991 ingenii
882 946 1045 980 felicitate
1062 946 1242 989 depressit.
1295 945 1439 978 Parisiis
1462 944 1640 977 humanio-

288 1015 341 1037 res
358 1004 475 1036 literas
493 1013 570 1035 cum
589 1002 722 1046 ingenti
739 1002 895 1035 omnium
921 1002 1148 1035 admiratione
1174 1001 1351 1044 professus
1376 1005 1438 1040 est,
1464 1011 1549 1044 quas
1578 1000 1643 1033 Lo-

287 1059 379 1092 vanii
412 1059 448 1090 in
480 1057 594 1091 schola
625 1057 737 1100 Lipsii
763 1058 939 1096 didicerat,
965 1058 1064 1101 cujus
1095 1057 1137 1090 ad
1168 1068 1247 1090 eum
1278 1061 1330 1090 est
1361 1057 1462 1099 epist.
1493 1064 1643 1088 XXXIII.

290 1120 421 1148 centur.
450 1122 507 1146 111.
559 1113 644 1146 Inde
670 1113 705 1145 in
723 1112 873 1145 Scotiam
891 1112 1064 1156 profectus
1084 1113 1335 1156 aliquantisper
1352 1112 1519 1150 substitit,
1538 1112 1643 1144 donec

287 1170 439 1203 ministri
456 1170 507 1202 illi
525 1169 698 1202 Sathanae
722 1179 850 1213 magna
875 1179 954 1202 eum
980 1169 1138 1201 molestia
1163 1168 1347 1202 afficientes
1373 1169 1484 1201 solum
1511 1173 1643 1200 vertere

288 1229 483 1270 coegerunt,
503 1225 562 1268 qui
580 1225 617 1257 in
636 1223 758 1257 Galliis
777 1224 904 1257 iterum
932 1224 1052 1257 docere
1074 1223 1180 1257 bonas
1199 1229 1290 1257 artes
1309 1223 1475 1256 sustinuit
1493 1222 1644 1255 Nanneti

288 1283 323 1313 in
342 1281 527 1314 Britannia
546 1280 693 1313 Minore.

336 1336 425 1381 Ejus
443 1341 524 1369 sunt
543 1337 677 1376 multa3
706 1336 741 1367 in
760 1335 824 1373 his,

431 1391 708 1425 Commentarius
735 1391 771 1423 in
789 1390 908 1423 Vitam
925 1391 949 1423 J
951 1391 1011 1424 ulii
1029 1391 1212 1436 Agricolae

479 1446 631 1480 Cornelii
650 1445 764 1478 Taciti
792 1445 875 1488 (non
901 1447 1012 1489 placet
1032 1446 1129 1486 mihi,
1151 1457 1212 1480 nec

479 1507 579 1535 tanto
597 1502 736 1546 ingenio
753 1501 881 1546 dignus
900 1502 1050 1545 videtur)
1251 1502 1309 1535 lib.
1330 1511 1354 1534 1.

436 1557 684 1591 Genethliacon
701 1556 723 1589 J
726 1557 820 1590 acobi
839 1557 946 1602 Regis
1252 1558 1310 1591 lib.
1331 1566 1355 1590 1.

430 1614 614 1646 Orationes
1252 1613 1311 1647 lib.
1332 1622 1356 1646 Ι.

434 1669 691 1702 Declarationes
1250 1670 1308 1703 lib.
1329 1678 1352 1702 1.

433 1724 623 1768 Epistolae,
641 1725 920 1768 eloquentissimo
938 1726 1037 1769 stylo,
1247 1725 1307 1758 lib.
1328 1734 1352 1757 1.

432 1780 484 1813 De
502 1779 616 1824 Aquis
634 1780 803 1823 Spadanis
1248 1781 1306 1814 lib.
1328 1789 1351 1813 1.

341 1837 439 1870 Vivit
458 1836 571 1869 adhuc
590 1836 624 1868 in
643 1835 770 1875 Scotia,
787 1841 821 1870 et
839 1836 1055 1875 medicinam,
1074 1841 1111 1870 ut
1131 1837 1239 1875 aiunt,
1256 1837 1455 1880 popularem
1475 1843 1618 1870 exercet.

603 1947 887 1981 GILBERTUS
912 1947 1192 1980 BURNATUS.
1243 1950 1322 1981 212.

297 2060 527 2092 GlLBEnTus
545 2059 736 2096 Burnatus,
754 2058 860 2091 nobili
878 2063 974 2091 ortus
992 2058 1133 2097 familia,
1160 2059 1265 2092 bonas
1291 2064 1383 2093 artes
1400 2060 1493 2093 domi
1512 2060 1640 2096 didicit,

290 2127 375 2158 quas
414 2115 536 2148 deinde
573 2114 657 2147 foris
696 2124 823 2158 magna
859 2114 989 2158 ingenii
1026 2115 1137 2158 gloria
1165 2120 1199 2148 et
1229 2116 1459 2148 ostentatione
1494 2115 1638 2147 doceret.

290 2171 413 2214 Itaque
445 2171 593 2203 lustrata
621 2168 817 2207 Germania,
847 2169 1020 2211 professus
1051 2170 1154 2203 etiam
1184 2171 1221 2203 in
1251 2170 1495 2203 celebrioribus
1524 2170 1640 2202 acade-

290 2227 369 2259 miis
406 2225 670 2270 philosophiam,
709 2225 805 2258 venit
842 2224 966 2257 Volcas
999 2225 1293 2265 Arecomicorum,
1324 2226 1383 2259 ubi
1414 2226 1539 2270 viginti
1565 2226 1638 2268 jam

290 2288 383 2316 retro
413 2281 513 2315 annis
543 2281 653 2314 eidem
683 2280 887 2324 professioni
917 2291 994 2313 cum
1026 2282 1136 2321 laude,
1167 2287 1201 2316 et
1230 2281 1379 2315 nominis
1405 2281 1641 2315 aestimatione

290 2337 467 2371 incumbit.
518 2337 662 2381 Scripsit
