1861 2682
586 242 757 273 GENTIS
782 241 1052 278 SCOTORUM,
1078 240 1164 271 LIB.
1192 240 1266 270 VII.
1552 240 1614 269 33ss

301 334 399 368 Vivit
418 335 540 374 adhuc,
559 340 593 369 et
611 336 652 368 de
670 346 778 378 pravo
796 336 832 368 in
850 334 953 367 fidem
970 333 1186 367 Catholicam
1212 333 1337 366 affectu
1363 333 1448 365 milii
1476 343 1610 375 suspec-

254 396 320 429 tus,
339 397 371 424 et
391 393 517 425 nollem
538 396 653 425 tantas
673 393 770 426 dotes
788 397 859 425 tam
879 391 940 424 vili
959 391 1120 434 contagio
1137 389 1321 433 supprimi.

641 504 663 536 J
666 503 868 537 OANNES
894 501 1088 535 GRAIUS.
1142 500 1222 534 625.

252 615 272 647 J
278 623 439 648 UANNES
459 616 585 650 Graius
610 615 932 654 Haddintoniensis,
951 614 1158 647 Parisiensis
1182 613 1375 658 theologus,
1394 620 1437 652 et,
1458 620 1494 648 ut
1514 621 1609 657 puto,

252 670 296 703 D.
317 670 492 705 Francisci
510 672 628 706 frater.
680 671 827 715 Scripsit
845 672 955 705 multa
971 681 978 703 :
1006 671 1042 703 in
1060 669 1129 708 his,

399 727 450 760 De
469 728 611 773 Figuris
629 728 824 761 Bibliorum
1074 725 1132 758 lib.
1155 734 1177 757 1.

397 784 508 827 Super
526 784 757 818 sacramentis
1075 782 1133 815 lib.
1155 790 1178 813 1.

398 839 562 873 Carmina
580 841 677 873 varia
1074 840 1132 872 lib.
1154 848 1177 872 Ι.
1240 839 1352 873 Extat
1398 842 1611 886 epigramma

446 897 537 940 apud
570 896 763 929 Heni-icum
791 895 901 929 Viuot
932 895 1077 940 Belgam
1108 895 1258 928 Athenis
1285 895 1500 930 Orthodoxis
1530 909 1609 942 pag.

446 961 643 985 CCXXXIX.
662 953 755 996 quod
773 952 965 996 praefixum
984 952 1167 985 Thesauro
1185 950 1445 996 Theoiogorum
1462 953 1485 986 J
1487 955 1608 987 oannis

446 1008 583 1041 Picardi
601 1008 835 1047 Franciscaui,
854 1009 999 1052 dignum
1018 1012 1070 1041 est
1087 1007 1180 1052 quod
1198 1013 1394 1050 apponatur
1409 1019 1416 1041 :

508 1102 581 1136 Quis
595 1112 668 1140 rogo,
683 1109 741 1130 tam
755 1102 872 1135 nitidus,
887 1112 1001 1140 superas
1015 1107 1073 1129 tam
1087 1102 1180 1129 cultus
1195 1102 1224 1128 in
1238 1111 1306 1133 oras,

545 1148 716 1186 Summaque
730 1148 874 1176 doctorum
887 1148 965 1176 venit
979 1148 1009 1175 in
1023 1157 1069 1175 ora
1083 1147 1163 1180 liber,

510 1193 674 1231 Hesperius,
691 1194 801 1227 Gallus,
817 1194 986 1226 Germanus,
1000 1199 1029 1221 et
1047 1193 1147 1225 Italus,
1165 1192 1285 1229 Anglus,

546 1240 708 1272 Armenius,
724 1239 833 1273 Scotus,
849 1240 986 1272 Persicus,
1003 1239 1101 1271 Indus,
1117 1240 1230 1268 Arabs?

508 1285 561 1312 Cui
575 1290 633 1312 tam
649 1285 833 1322 multigenam
847 1286 898 1313 soli
912 1285 978 1314 licet
992 1296 1061 1317 esse,
1076 1286 1095 1313 J
1097 1287 1193 1314 oannis

548 1331 657 1358 Picardi
671 1332 722 1359 hoc
738 1332 830 1360 virtus
843 1332 1046 1369 ingeniumque
1058 1332 1135 1360 facit.

301 1418 438 1452 Floruit
456 1428 546 1452 anno
567 1427 691 1452 MDIIL

620 1531 886 1565 ROBERTUS
912 1532 1114 1566 GRIMUS.
1168 1532 1248 1567 626.

254 1643 467 1675 ROBERTUS
486 1642 628 1676 Grimus
646 1645 725 1687 quis
742 1644 859 1683 fuerit,
881 1648 943 1678 aut
960 1645 1019 1678 ubi
1038 1646 1177 1686 vixerit,
1204 1658 1274 1690 qua
1292 1647 1384 1680 vitae
1402 1647 1609 1685 conditione,

252 1710 322 1732 nou
339 1698 559 1742 deprehendi.
612 1699 689 1732 Hoc
706 1704 844 1734 tantum
861 1704 954 1733 certo
971 1706 1117 1740 constat,
1136 1702 1313 1746 scripsisse

398 1753 439 1787 In
458 1755 575 1788 omnia
593 1754 789 1800 Evangelia
875 1756 934 1789 lib.
954 1765 980 1790 1.
1030 1757 1165 1791 Auctor
1184 1758 1418 1792 Bibliothecae
1436 1758 1609 1793 classicae

444 1821 523 1855 pag.
542 1819 734 1845 CCLXXIV.

300 1865 399 1900 Vivit
417 1866 530 1900 adhuc
547 1867 585 1900 in
604 1866 812 1901 Germaniis.

714 2016 821 2042 FINIS
841 2018 952 2044 LIBRI
972 2019 1150 2045 SEPTIMI.
