1861 2682
626 243 796 276 GENTIS
821 241 1092 277 SCOTORUM,
1117 241 1204 272 LIB.
1227 241 1265 271 V.
1566 242 1627 273 269

265 339 362 371 tiosis
381 337 503 371 terrori
522 342 622 375 esset,
642 337 782 380 optimis
807 336 1002 379 quibusque
1027 334 1266 373 reverentiae;
1295 333 1419 366 virtuti
1445 333 1625 366 studerent

266 405 395 432 omnes,
419 394 667 436 concordiaque
690 394 793 425 simul
811 393 1058 430 coalescerent3
1086 390 1290 428 sacerdotes,
1310 389 1536 422 solutioribus
1555 400 1626 422 mo-

265 450 361 482 ribus
379 449 533 488 cohibiti,
559 448 699 482 Christo
717 449 876 492 divisque
894 447 960 480 rite
989 458 1027 479 ac
1054 451 1248 489 opportune
1273 456 1371 478 sacra
1396 451 1624 490 peragerent;

265 507 421 549 neglecta
446 506 575 548 templa
601 510 662 538 aut
687 516 756 537 non
782 506 848 537 rite
873 504 966 537 culta
990 503 1027 535 in
1053 502 1240 546 pristinum
1271 502 1539 534 restituerentur
1568 502 1625 534 de-

265 571 350 602 cus;
383 566 423 594 ut
452 561 600 604 denique
629 572 854 604 quaecunque
884 560 921 592 in
955 558 1138 592 Scotorum
1176 568 1284 602 regno
1321 557 1453 589 urbane
1488 558 1625 602 religio-

264 627 342 649 seve
364 617 494 655 fierent,
514 617 557 649 ad
575 617 782 660 reipublicae
800 617 912 655 decus,
931 619 965 648 et
989 615 1033 648 ad
1056 614 1188 647 Christi
1207 614 1345 647 laudem
1363 613 1478 646 forent
1496 624 1625 646 accom-

265 673 414 705 modata.
467 671 509 704 In
527 672 581 704 his
600 676 787 715 perpetuus
806 672 882 704 viro
899 671 996 705 labor
1014 672 1097 704 dum
1115 674 1290 714 superstes
1308 674 1407 708 esset,
1426 670 1462 702 in
1480 669 1534 702 his
1553 681 1625 702 om-

263 739 341 760 nem
359 729 475 772 exegit
493 729 634 761 vitam.”
685 728 750 762 Vir
767 727 824 761 hic
848 735 920 761 tam
945 728 1141 771 praeclarus
1167 726 1210 759 ad
1236 725 1495 759 Aberdonensis
1522 726 1625 758 eccle-

262 784 332 816 siae
357 784 512 828 regimen
539 788 748 827 assumptus,
775 785 811 816 in
838 784 937 828 cujus
963 783 1113 828 gratiam
1140 783 1181 814 de
1207 781 1366 815 omnibus
1384 781 1493 824 ipsius
1511 782 1624 814 deces-

262 840 398 872 soribus
418 839 464 871 H.
486 840 656 872 Boethius
670 841 846 873 eruditum
864 841 1026 872 volumen
1045 839 1153 871 edidit
1167 838 1232 870 sub
1246 838 1349 870 titulo
1368 842 1388 856 “
1407 837 1460 870 De
1479 837 1624 870 Pontifi-

263 896 358 928 cibus
374 895 711 929 Aberdonensibus.'’
746 895 841 928 Eum
860 895 1020 933 Balaeus,
1041 895 1197 938 alioquin
1213 894 1310 938 genti
1330 900 1468 927 nostrae
1482 894 1622 938 juratus

262 952 382 989 hostis,
409 952 648 984 doctissimum
675 956 785 989 vocat,
816 962 878 984 nec
903 952 1100 991 immerit03
1134 961 1214 982 nam
1241 954 1361 993 postea
1386 951 1494 983 totius
1524 952 1622 994 regni

261 1008 484 1041 cancellarius
510 1007 634 1046 factus,
658 1008 867 1040 academiam
895 1007 1179 1040 Aberdonensem
1206 1010 1350 1049 sumptu
1375 1007 1517 1048 proprio
1543 1006 1621 1039 fun-

261 1064 368 1102 davit,
386 1064 539 1107 undique
557 1064 704 1097 literatis
723 1064 839 1096 accitis
862 1063 1126 1106 professoribus,
1153 1062 1318 1106 pontibus
1345 1062 1448 1094 etiam
1476 1063 1621 1106 lapideis

260 1120 483 1162 pulcherrimi
515 1120 627 1162 operis
657 1119 795 1152 Donam
824 1119 1003 1162 Deamque
1033 1130 1162 1158 amnes,
1192 1118 1320 1162 quibus
1346 1118 1428 1151 urbs
1455 1119 1618 1163 cingitur,

261 1176 435 1213 instravit,
466 1176 579 1218 ipsum
612 1176 824 1218 episcopium
855 1180 890 1208 et
915 1175 1157 1208 canonicorum
1185 1175 1368 1219 collegium
1395 1175 1620 1217 amplioribus

259 1231 444 1263 structuris
463 1230 605 1263 mirifice
629 1231 816 1264 decoravit.
869 1231 1013 1264 Praeter
1038 1236 1209 1264 nostrates
1235 1230 1386 1263 Jacobus
1413 1230 1620 1264 Medendor-

259 1287 337 1330 pius
354 1285 388 1318 J.
408 1286 446 1319 C.
466 1287 524 1319 lib.
546 1295 587 1319 11.
608 1287 644 1319 in
662 1287 729 1319 fine
747 1287 789 1319 de
807 1286 1028 1325 Academiis;
1057 1288 1149 1330 quod
1168 1298 1254 1330 opus
1280 1287 1382 1320 futile
1409 1292 1471 1326 est,
1499 1293 1533 1321 et
1559 1288 1619 1333 fig-

259 1343 384 1376 mentis
401 1342 576 1375 Annianis
594 1342 772 1375 refertum.
824 1342 970 1385 Scripsit
988 1342 1245 1386 Elpliinstonus

403 1398 585 1432 Scotorum
603 1398 801 1432 Chronicon
1109 1398 1168 1432 lib.
1189 1407 1213 1431 1.

403 1454 639 1487 Conciliorum
657 1454 798 1488 Statuta
1111 1454 1170 1488 lib.
1191 1464 1215 1488 Ι.
1233 1460 1267 1488 et
1278 1456 1346 1489 alia
1357 1456 1504 1496 infinita,
1518 1469 1617 1501 quae,

450 1511 540 1553 proh
557 1510 674 1543 dolor!
702 1511 954 1545 haereticorum
972 1510 1071 1544 furor
1096 1522 1208 1555 nuper
1233 1523 1311 1545 cum
1334 1513 1410 1546 aliis
1428 1514 1528 1558 regni
1546 1525 1617 1547 mo·

252 1571 262 1586 ⁴
450 1567 627 1599 numentis
645 1568 887 1600 scelestissime
905 1567 1067 1600 abolevit.

305 1623 402 1656 Obiit
432 1627 600 1667 regnante
625 1622 755 1656 Jacobo
783 1622 865 1668 [V.]
894 1634 984 1656 anno
1009 1623 1198 1668 [MDXIV]
1251 1623 1433 1658 Successor
1458 1626 1489 1658 ei
1515 1627 1616 1659 datus

257 1679 414 1713 Gavinus
432 1678 601 1718 Dumbar,
620 1680 791 1724 egregius,
810 1684 844 1713 et
861 1684 959 1713 tauto
975 1681 1151 1714 decessore
1169 1682 1395 1726 dignissimus
1414 1683 1562 1725 praesul.

646 1791 855 1825 THOMAS
880 1791 1089 1826 EVATUS.
1144 1795 1224 1830 499.

256 1903 429 1936 THOMAS
447 1903 583 1937 Evatus
602 1904 903 1937 Sanctandreanus
927 1905 988 1937 diu
1013 1904 1176 1939 Lutetiae
1202 1906 1370 1946 substitit,
1399 1908 1611 1950 optimarum

256 1960 384 1992 artium
419 1960 548 1999 doctor,
583 1966 617 1993 et
651 1961 863 1994 academicos
894 1961 1042 1994 honores
1071 1972 1234 2005 persaepe
1262 1963 1418 2001 sortitus,
1448 1974 1611 2008 magnam

254 2016 308 2048 sui
339 2015 470 2060 ingenii
498 2015 626 2049 famam
655 2017 807 2060 reliquit.
860 2016 950 2062 Ejus
977 2022 1059 2051 sunt
1085 2019 1197 2066 multa
1222 2019 1327 2058 edita,
1358 2020 1418 2052 sed
1448 2031 1512 2065 ego
1541 2022 1612 2054 vidi

257 2076 392 2104 tantum

400 2126 638 2160 Praefationes
656 2129 813 2161 solennes
1124 2131 1183 2164 lib.
1204 2140 1227 2164 Ι.

399 2182 565 2216 Poemata
583 2184 680 2216 vario
699 2194 861 2217 versuum
880 2196 1006 2229 genere
1123 2187 1182 2220 lib.
1203 2196 1227 2220 Ι.

304 2238 456 2271 Parisios
474 2240 581 2278 venit,
600 2240 812 2283 docendique
831 2241 1043 2283 provinciam
1063 2243 1170 2276 subiit
1188 2254 1279 2277 anno
1298 2252 1415 2277 MDLI.
1459 2244 1611 2289 Elegans

254 2300 306 2327 est
327 2294 368 2326 de
391 2305 430 2327 eo
455 2295 694 2328 testimonium
720 2295 840 2328 Jacobi
869 2296 1044 2331 Paschasii
1073 2298 1282 2344 Lotharingi
1309 2301 1345 2332 in
1366 2300 1506 2334 Delitiis
1527 2301 1610 2334 Poe-
