1861 2682
284 216 344 246 29}
653 217 879 248 HISTORIA
903 217 1265 250 ECCLESIASTICA

765 362 1026 396 FOILANUS.
1078 362 1159 396 536.

285 475 502 514 Foimst,
521 475 703 509 Scotorum
721 475 884 508 Coloniae
901 475 1164 519 peregrinorum
1183 474 1299 514 abbas,
1324 475 1379 507 vir
1404 476 1493 518 piuS,
1520 481 1554 508 et
1579 487 1640 509 no-

285 531 343 563 bili
376 531 569 564 eruditione
598 532 756 576 insignis,
786 531 948 564 laudatus
978 542 998 563 a
1028 530 1203 575 Langaeo,
1229 530 1435 564 Sorbonicae
1460 531 1637 565 facultatis

286 587 426 626 decano,
459 592 493 620 et
522 588 558 620 in
583 586 746 631 Angusia
770 591 873 619 natus
900 590 952 619 est
977 597 1019 619 ex
1045 586 1178 619 familia
1203 586 1330 626 Ketha,
1363 591 1402 620 ut
1430 586 1639 620 Godefridus

285 642 316 674 T
319 643 394 675 illot
412 643 448 675 in
466 643 610 686 epistola
629 643 673 675 ad
690 642 928 686 Apocalypsin
945 642 1020 687 ejus
1039 642 1149 674 testis.
1199 641 1345 685 Scripsit

429 699 471 732 In
489 699 727 742 Apocalypsin
1486 699 1545 732 lib.
1566 708 1590 732 Ι.

427 755 658 787 Fundationis
676 755 824 792 chartas,
843 758 877 787 et
894 754 1078 798 privilegia
1095 754 1295 787 monasterii
1310 755 1363 787 sui
1378 755 1526 799 collegit,
1544 760 1578 788 et
1597 756 1639 788 ab

472 809 673 843 Alexandro
691 821 780 853 papa
797 810 993 843 confirmari
1011 810 1104 849 fecit,
1486 811 1546 844 lib.
1566 820 1589 844 Ι.

427 865 605 908 Epistolas
623 866 666 898 ad
684 866 803 899 Scotos
821 866 1020 910 peregrinos
1039 866 1076 898 in
1094 865 1290 899 Germaniis
1307 870 1448 911 agentes
1487 867 1545 900 lib.
1567 876 1590 899 1.

475 921 668 954 Servantur
686 921 860 961 Coloniae,
879 926 919 954 ut
936 922 1026 954 idem
1047 921 1206 955 affirmat.

330 977 471 1010 Electus
489 982 541 1010 est
559 987 650 1010 anno
669 985 788 1009 MLXI.
808 976 962 1010 Florent.
977 977 1199 1022 lVigornien.
1214 989 1253 1012 eo
1265 989 1355 1012 anno
1371 989 1378 1012 :
1397 979 1535 1022 quando
1550 979 1640 1012 obie-

282 1034 338 1072 rit,
358 1037 419 1066 aut
436 1033 603 1076 quamdiu
621 1032 821 1076 praefuerit,
840 1032 933 1065 haud
951 1037 1045 1066 certo
1065 1033 1224 1066 dixerim.

579 1142 893 1177 WILHELMUS
921 1143 1210 1178 FRASERIUS.
1262 1147 1343 1182 537.

279 1256 541 1289 Wunssmms
559 1256 751 1296 Fraserius,
770 1257 805 1290 S.
824 1257 985 1290 Andreae
1004 1257 1194 1300 episcopus,
1219 1258 1317 1302 regni
1343 1258 1576 1296 cancellarius,
1602 1263 1635 1290 et

279 1324 369 1346 unus
389 1324 406 1345 e
423 1313 536 1345 tribus
554 1314 878 1355 septentrionalium
903 1314 1054 1356 partium
1080 1313 1430 1351 administratoribus,
1456 1324 1533 1346 cum
1558 1319 1636 1356 post

278 1370 409 1402 exitum
424 1368 617 1401 Alexandri
633 1368 701 1401 III.
720 1373 794 1402 tota
812 1370 980 1402 successio
998 1369 1034 1401 in
1051 1368 1153 1401 unica
1166 1368 1281 1408 filiola,
1295 1370 1368 1414 regi
1383 1369 1581 1413 Norvegiae
1594 1381 1636 1402 ex

278 1425 478 1469 Margareta
504 1424 574 1456 filia
599 1423 790 1457 Alexandri
817 1429 986 1467 suscepta,
1014 1429 1188 1463 restasset,
1217 1436 1324 1468 eaque
1354 1426 1458 1457 etiam
1484 1425 1635 1463 obiisset,

277 1492 315 1513 ac
344 1481 393 1513 sic
418 1480 504 1513 nulli
531 1479 711 1512 Scotorum
743 1485 874 1513 certum
901 1485 990 1514 esset
1019 1480 1097 1523 quis
1126 1480 1265 1513 deberet
1294 1481 1414 1513 haeres
1450 1481 1635 1525 designari.

278 1536 423 1579 Scripsit

421 1591 474 1624 De
491 1591 514 1623 J
516 1602 577 1624 ure
596 1591 828 1625 Successionis
848 1592 962 1636 Regni
981 1591 1115 1625 Scotiae
1289 1592 1347 1625 lib.
1369 1601 1392 1624 1.

424 1647 698 1680 concordantias
716 1648 752 1680 in
769 1648 965 1692 Evangelia
1288 1648 1347 1681 lib.
1368 1657 1391 1680 1.

326 1703 487 1736 Florebat
507 1714 597 1735 anno
617 1712 873 1736 MCCLXXXVI.
920 1703 1051 1737 Hector
1070 1703 1194 1737 Boeth.
1213 1705 1272 1737 lib.
1292 1713 1374 1736 XVI.
1395 1704 1430 1736 in
1449 1705 1632 1747 principio.

709 1815 742 1848 S.
772 1815 1066 1849 FOILLANUS.
1120 1818 1200 1849 538.

274 1929 307 1961 S.
328 1928 563 1961 FOILLANUS
582 1929 657 1966 iste,
676 1929 833 1961 diversus
851 1928 895 1961 ab
920 1929 961 1960 iis
988 1929 1029 1960 de
1055 1928 1181 1971 quibus
1206 1928 1270 1960 hoc
1295 1928 1384 1961 libro
1401 1933 1528 1968 actum,
1555 1939 1633 1962 cum

275 1985 377 2017 Helia
395 1989 429 2017 et
448 1983 589 2017 Kiliano
607 1984 641 2016 S.
661 1984 828 2016 Livinum
855 1995 897 2016 ex
922 1983 1037 2016 Scotia
1060 1983 1363 2028 peregrinaturum
1389 1990 1538 2024 secutus,
1561 1996 1632 2018 om-

273 2041 369 2072 nium
388 2040 481 2072 illius
507 2040 663 2072 laborum
688 2050 810 2077 comeS,
837 2040 1008 2072 virtutum
1035 2040 1235 2079 admirator,
1262 2040 1423 2084 martyrii
1447 2045 1630 2084 spectator.

272 2095 356 2128 Vita
383 2094 418 2128 S.
447 2094 578 2134 Livini,
606 2106 711 2138 quam
737 2095 773 2127 in
799 2095 973 2137 epitomen
998 2096 1131 2140 redegit
1157 2095 1363 2129 Franciscus
1391 2096 1550 2129 Haraeus
1575 2097 1631 2129 die

273 2159 345 2184 XII.
365 2150 535 2184 Novemb.
586 2150 756 2194 Martyris
775 2151 1031 2184 sanctissimum
1049 2162 1173 2195 corpus
1191 2151 1228 2184 in
1246 2163 1375 2196 pagum
1395 2151 1549 2186 Hantem
1573 2153 1632 2185 de-

273 2208 365 2247 tulit,
383 2212 488 2251 atque
507 2217 585 2240 cum
605 2207 706 2240 sociis
724 2207 779 2250 pie
798 2207 957 2250 sepelivit
974 2207 1100 2241 ibidem
1119 2207 1196 2240 loci.
1248 2207 1393 2252 Scripsit

416 2263 507 2298 Acta
524 2263 643 2297 Livini
663 2263 827 2309 Magistri
1187 2263 1248 2296 lib.
1269 2272 1293 2296 1.
