1861 2682
276 276 337 305 152
649 277 872 308 HISTORIA
897 277 1257 309 ECCLESIASTICA

275 379 353 411 pag.
373 376 567 400 CCXXXIV.
586 368 689 401 Alius
707 373 759 400 est
777 368 963 411 Conganus
981 369 1096 405 abbas,
1115 370 1216 412 cujus
1243 369 1384 401 hortatu
1405 368 1449 400 D.
1477 369 1624 402 Bernar-

274 424 338 456 dus
357 424 465 456 vitam
488 423 522 456 S.
547 423 739 456 Malachiae
763 424 975 456 scribendam
1000 424 1160 466 suscepit,
1187 429 1226 456 ut
1251 425 1323 466 ipse
1348 424 1382 455 in
1407 424 1620 466 praefatione

273 479 464 521 profitetur.
516 479 652 512 Colitur
670 487 787 511 XXIV.
807 479 976 511 Novemb.

574 591 608 623 S.
635 590 927 623 CONGELLUS
954 589 1185 623 FAUSTUS.
1236 593 1317 623 254.

272 708 291 721 ‘⁶
302 702 336 735 S.
346 703 591 736 CONGELLUS
606 703 815 741 Scotus,”ait
822 702 997 735 Antonius
1004 702 1214 735 Possevinus
1225 708 1307 736 tom.
1317 713 1340 736 1.
1348 704 1517 747 Apparat.
1528 704 1620 737 Sacr.

267 770 345 803 pag.
362 767 531 791 CCCXLV.
552 763 571 777 ‘⁶
586 763 705 791 auctor
717 759 993 802 congregationis
1008 758 1290 792 Benchorensis.''
1342 760 1620 804 Cognomentum

269 815 298 847 ei
324 815 486 847 Faustus.
515 814 656 846 Plenius
683 814 861 846 Notkerus
888 813 1056 846 Balbulus
1081 815 1116 846 in
1145 814 1408 859 Martyrologio,
1434 816 1493 849 ubi
1519 817 1561 848 de
1587 816 1621 848 S.

268 870 482 902 Columbano
497 880 504 902 τ
529 874 548 888 “
562 870 631 907 Qui
650 881 726 902 cum
739 871 906 912 plurimos
925 870 1111 913 discipulos
1129 871 1183 902 vel
1201 871 1309 903 socios
1328 872 1521 904 sanctitatis
1539 883 1620 904 suae

266 936 429 968 suppares
449 926 636 965 habuisset,
665 936 772 958 unum
799 930 925 964 tamen,
954 925 1159 969 Congellum
1180 927 1319 965 scilicet,
1342 927 1468 959 Latine
1497 927 1620 959 Fausti

264 982 404 1014 nomine
422 982 603 1019 illustrem,
627 986 881 1024 praeceptorem
905 982 1094 1014 beatissimi
1121 982 1339 1021 Columbani,
1368 983 1538 1027 magistri,
1562 984 1621 1016 do-

264 1038 360 1076 mini,
379 1042 412 1070 et
430 1038 538 1080 patris
557 1037 666 1069 nostri
685 1037 786 1075 Galli,
805 1038 977 1070 virtutum
995 1049 1033 1070 ac
1051 1038 1254 1071 meritorum
1271 1049 1414 1071 suorum
1428 1041 1526 1082 quasi
1543 1040 1621 1072 uni-

264 1104 352 1132 cum,
372 1095 527 1136 exemplo
547 1093 653 1131 Isaac,
672 1094 813 1136 reliquit
830 1094 1042 1126 haeredem.”
1083 1093 1260 1126 Arnoldus
1279 1094 1397 1127 Uvion
1412 1095 1470 1128 lib.
1486 1104 1528 1128 11.
1541 1095 1618 1140 Lig.

263 1149 336 1182 Vit.
356 1161 429 1192 cap.
451 1158 560 1181 LXIV.
589 1154 609 1167 ‘⁶
627 1149 671 1181 D.
691 1149 876 1193 Congellus
895 1149 1027 1187 Scotus,
1051 1149 1155 1182 abbas
1179 1149 1442 1189 Benchorensis,
1468 1156 1502 1184 et
1526 1151 1618 1183 illius

264 1205 540 1249 congregationis
566 1206 717 1238 auctor.’'
768 1204 992 1237 Academiam
1017 1205 1292 1238 Benchorensem
1311 1206 1348 1237 in
1366 1208 1616 1240 monasterium

262 1265 426 1299 mutasse,
445 1262 550 1294 stulte
568 1261 675 1294 tradit
691 1261 841 1294 Jacobus
866 1260 1154 1303 Middendorpius
1178 1261 1236 1293 lib.
1258 1269 1316 1293 111.
1344 1261 1385 1293 de
1406 1261 1614 1295 Academiis.

261 1316 350 1360 Ejus
368 1322 466 1350 sunt:

403 1373 589 1417 Regularis
607 1373 710 1406 Vitae
729 1372 915 1404 Methodus
1223 1373 1281 1406 lib.
1304 1382 1327 1405 Ι.

402 1428 460 1461 Ad
478 1427 732 1461 Coenobiorum
751 1428 873 1460 Patres
1224 1429 1282 1461 lib.
1305 1439 1327 1461 1.

401 1483 581 1527 Epistolae
600 1485 715 1527 plures
1223 1485 1281 1516 lib.
1303 1494 1326 1516 Ι.

305 1539 465 1579 Vivebat,
483 1540 671 1572 secundum
690 1540 868 1582 quosdam,
886 1550 977 1572 anno
996 1548 1194 1572 DeLxxxl.
1220 1541 1313 1583 quod
1336 1540 1462 1573 falsum
1481 1552 1554 1574 esse
1573 1552 1614 1573 ex

258 1608 296 1629 eo
314 1597 532 1629 convincitur
548 1597 640 1639 quod
660 1596 694 1628 S.
714 1596 920 1629 Columbani
938 1596 1044 1628 fuerit
1061 1600 1271 1638 praeceptor,
1289 1597 1349 1638 qui
1368 1597 1403 1628 in
1422 1596 1536 1629 Scotia
1557 1609 1615 1630 ex-

258 1654 368 1691 cessit,
387 1658 427 1685 ut
445 1664 549 1695 supra
567 1653 753 1696 probabam
777 1653 840 1684 hoc
863 1663 974 1695 opere,
1000 1662 1091 1683 anno
1115 1659 1305 1684 DXXXVII.
1333 1663 1438 1694 quare
1456 1664 1495 1685 ea
1520 1658 1613 1685 aetas

257 1710 370 1742 verior
384 1709 470 1741 erit:
491 1709 628 1751 quando
646 1713 707 1741 aut
724 1708 783 1740 ubi
803 1708 937 1746 obierit,
956 1718 1024 1740 non
1043 1708 1165 1750 reperi.
1209 1707 1243 1739 S.
1265 1707 1452 1740 Columbae
1470 1719 1612 1741 consau-

256 1765 402 1808 guineus
420 1765 499 1797 fuit.
541 1764 574 1796 S.
594 1763 765 1796 Adaman.
785 1764 843 1796 lib.
868 1773 925 1796 111.
944 1764 1016 1796 Vit.
1038 1763 1072 1795 S.
1096 1763 1254 1795 Columb.
1274 1774 1346 1805 cap.
1368 1772 1468 1795 XVII.
1495 1763 1613 1797 Abbas

258 1821 470 1858 monasterii,
488 1820 580 1863 quod
598 1820 745 1852 Cambas
763 1820 890 1852 dicitur
911 1820 1021 1852 eidem
1044 1819 1102 1852 lib.
1124 1828 1146 1851 1.
1178 1829 1250 1860 cap.
1271 1827 1387 1851 XXXI.
1415 1824 1449 1851 et
1474 1825 1613 1853 sanctus

256 1877 544 1908 monasteriorum
577 1875 751 1909 fundator.
794 1876 890 1908 Idem
917 1876 975 1908 lib.
1003 1884 1059 1907 ΙΙΙ.
1087 1885 1159 1916 cap.
1188 1883 1273 1907 XXI.
1312 1874 1448 1907 Colitur
1474 1885 1512 1907 x.
1541 1885 1612 1908 XII.

258 1931 355 1964 Maii.
400 1931 539 1964 Calend.
560 1931 672 1976 Regii.

697 2028 731 2060 S.
759 2026 1031 2060 COLMOCUS.
1085 2028 1164 2059 255.

261 2098 295 2130 S.
323 2098 540 2131 COLMOCUS
566 2099 755 2142 episcopus,
782 2109 915 2130 summa
947 2099 1147 2142 integritate
1177 2098 1280 2137 vitae,
1309 2099 1436 2131 civium
1468 2110 1609 2132 suorum

255 2155 342 2187 vitia
372 2155 565 2187 admirabili
596 2155 754 2186 libertate
787 2154 932 2196 carpsit;
969 2158 1004 2186 at
1038 2165 1114 2187 cum
1150 2155 1200 2187 illi
1235 2155 1365 2187 nollent
1400 2156 1608 2197 resipiscere,

254 2221 363 2252 neque
397 2210 440 2242 ad
474 2210 599 2242 bonam
634 2210 770 2253 frugem
803 2211 925 2248 redire,
965 2211 1246 2243 comminationes
1282 2210 1442 2243 effectum
1477 2211 1610 2254 gravis-

252 2267 378 2298 simum
414 2266 567 2305 sortitae,
603 2266 768 2309 gliscente
804 2266 932 2298 crudeli
967 2266 1055 2298 bello
1089 2266 1181 2298 civili
1217 2267 1308 2299 inter
1338 2266 1607 2299 Constantinum

252 2333 366 2366 regem
386 2327 420 2355 et
443 2322 667 2355 Malcolmum
688 2321 863 2355 Kenuethi
881 2322 972 2366 regis
992 2321 1111 2354 filium.
1164 2321 1253 2365 Ejus
1272 2328 1352 2354 sunt
1369 2332 1376 2353 t
