1861 2682
578 264 748 296 GENTIS
773 262 1042 300 SCOTORUM,
1066 261 1153 293 LIB.
1178 262 1204 292 Ι.
1531 261 1571 290 85

572 410 826 445 AEGYDIUS
850 408 1061 444 ALDANU
1063 409 1097 443 S.
1151 410 1208 442 48.

214 526 430 559 AEGYDIUS
463 524 633 563 Aldanus,
667 524 846 567 episcopus
879 521 1054 556 candidae
1088 520 1208 560 Casae,
1244 519 1279 554 S.
1315 519 1471 558 Niniani,
1505 524 1565 552 aut

214 581 438 620 Gallovidiae‚
471 581 526 613 vir
555 591 617 613 sua
648 584 758 613 aetate
787 589 903 612 rerum
934 578 1089 611 civilium
1118 577 1262 620 peritus,
1292 576 1465 620 legatione
1495 575 1568 608 An·

213 637 348 682 glicana
377 640 411 669 et
441 636 573 669 Danica
603 647 681 669 cum
710 636 810 668 laude
839 635 990 673 functus,
1020 633 1336 667 controversiarum
1367 631 1458 664 inter
1488 631 1569 664 Sco-

213 698 266 726 tos
300 698 334 725 et
367 692 502 736 Anglos
537 692 666 725 arbiter
698 696 733 725 et
765 691 984 734 compositor,
1025 700 1152 734 magno
1194 689 1320 727 animo,
1364 692 1398 721 et
1439 688 1570 731 majore

212 748 397 791 prudentia
426 749 529 781 decus
563 748 721 781 ecclesiae
754 746 906 780 Scoticae
944 746 1102 785 asseruit,
1141 744 1366 788 impotentiae
1399 743 1568 786 archiepi-

212 814 393 846 scoporum
432 803 705 837 Eborac-ensium
742 803 889 836 viriliter
923 814 958 836 se
999 812 1187 845 opponens,
1229 805 1264 834 et
1297 800 1502 843 disputavit,
1536 803 1568 832 et

214 860 351 902 scripsit

357 915 409 948 De
427 915 607 948 Scotorum
628 915 870 948 patriarchatu
894 914 953 947 lib.
973 923 997 947 1.
1017 914 1053 947 in
1072 912 1189 946 Indice
1206 911 1376 946 Deirensi.

262 970 399 1004 Floruit
416 982 506 1004 anno
526 979 676 1004 MCCXL.
728 970 891 1003 Meminit
908 969 1104 1014 Anglicana
1120 968 1276 1001 historia.

650 1081 1018 1114 ANGILBERTUS.
1070 1083 1126 1118 49.

212 1192 505 1225 ANGILBERTUS
535 1193 714 1235 episcopus
744 1194 780 1225 in
811 1193 1018 1226 Cathenesia
1047 1194 1251 1236 plerumque
1277 1192 1458 1230 residebat,
1490 1193 1569 1225 licet

212 1259 274 1291 per
290 1248 488 1280 universam
507 1247 657 1280 Scotiam
673 1248 733 1291 jus
751 1253 943 1286 exerceret3
968 1249 1108 1281 natione
1130 1249 1269 1292 quidem
1289 1247 1420 1287 Gallus,
1443 1247 1502 1280 sed
1519 1248 1570 1280 in·

213 1305 325 1337 colatu
343 1303 476 1341 Scotus,
495 1307 529 1335 et
547 1303 690 1341 meritis,
709 1314 729 1335 a
746 1302 912 1335 Mordaco
930 1302 1064 1336 Scotiae
1087 1315 1169 1348 rege
1192 1304 1235 1337 ad
1259 1303 1494 1347 Chilpericum
1521 1302 1568 1336 II.

212 1359 344 1392 Galliae
361 1370 477 1404 regem
496 1363 613 1391 orator
630 1359 834 1397 destinatus,
853 1358 937 1391 dum
961 1369 1023 1401 per
1045 1358 1211 1403 Angliam
1236 1360 1411 1397 transiret,
1434 1358 1570 1392 Wilfri-

212 1416 295 1448 dum
321 1414 477 1459 Anglum
504 1415 726 1454 consecravit,
753 1414 814 1457 qui
840 1418 959 1457 postea
984 1414 1212 1448 Eboracensis
1231 1414 1517 1458 archiepiscopus,
1535 1419 1569 1447 et

212 1472 248 1504 in
266 1470 326 1503 SS.
346 1481 529 1504 numerum
547 1471 687 1504 relatus.
739 1470 848 1504 Porro
865 1470 1096 1515 Angilbertus
1115 1471 1255 1514 scripsit

357 1526 410 1559 De
445 1525 574 1560 Errore
608 1526 787 1560 Paschatis
818 1526 1011 1559 celebrandi
1041 1527 1244 1571 corrigendo
1273 1537 1439 1571 magnum
1475 1527 1569 1559 volu-

404 1593 483 1615 men
536 1582 595 1615 lib.
615 1591 639 1615 1.

258 1638 394 1672 Claruit
411 1649 502 1671 anno
520 1646 668 1671 Dcexx.
697 1638 859 1672 Meminit
881 1639 1201 1673 Malmesburiensis
1223 1639 1265 1671 de
1288 1638 1402 1672 Gestis
1426 1639 1568 1672 Pontifi-

213 1705 290 1727 cum
309 1694 366 1727 lib.
387 1704 441 1727 111.
461 1699 495 1727 et
513 1693 728 1738 Reginaldus
747 1695 942 1728 cardinalis.

583 1806 621 1838 M
625 1806 827 1839 ALCOLM
833 1806 892 1839 US
917 1806 1092 1840 ARDES.
1144 1810 1200 1840 50.

215 1918 471 1952 MALCOLMUS
494 1918 618 1957 Ardes,
643 1919 857 1952 nobilissimo
874 1920 1043 1964 sanguine
1068 1924 1171 1953 natus
1197 1920 1234 1952 in
1259 1919 1450 1957 Achterles,
1478 1929 1567 1951 unus

214 1984 331 2005 eorum
358 1973 437 2014 fuit,
464 1975 524 2018 qui
551 1974 665 2008 Scotia
690 1975 911 2008 exterminati
929 1976 1114 2019 tyrannide
1132 1974 1289 2008 Eduardi
1313 1975 1340 2008 I.
1363 1974 1484 2019 Angli,
1510 1973 1568 2007 ubi

214 2040 291 2071 spes
310 2029 459 2062 melioris
477 2030 526 2062 rei
544 2030 732 2068 affulserat,
750 2031 876 2063 iterum
891 2031 1077 2069 redierunt,
1096 2036 1130 2064 et
1148 2042 1217 2064 non
1234 2042 1356 2074 parum
1376 2041 1498 2074 operae
1516 2041 1570 2063 ac-

215 2084 519 2118 commodaverunt
537 2087 680 2128 patriae.
724 2086 807 2119 Fuit
822 2091 936 2119 autem
951 2086 1176 2120 Carmelitani
1191 2087 1321 2119 ordinis
1336 2086 1567 2130 provincialis.

216 2140 360 2182 Scripsit
378 2141 456 2172 rudi
476 2142 577 2184 stylo,
596 2146 634 2174 ut
652 2153 691 2174 ea
709 2147 865 2184 tempora
882 2142 1048 2180 ferebant,

360 2194 412 2227 De
432 2195 529 2228 Bello
546 2197 590 2228 ad
610 2196 776 2229 Fawkirk
1034 2198 1092 2232 lib.
1114 2207 1137 2230 Ι.

361 2250 413 2283 De
430 2251 574 2284 liberata
592 2251 707 2285 Scotia
1032 2254 1090 2288 lib.
1112 2264 1135 2287 1.

264 2306 399 2339 Floruit
417 2317 508 2339 anno
527 2315 775 2340 MCCCXXCIV.
829 2308 1000 2343 Henricus
1018 2309 1204 2344 Sinclarus.
