1861 2682
635 265 806 297 GENTIS
831 264 1100 301 SCOTORUM,
1125 263 1211 294 LIB.
1238 265 1262 294 Ι.
1584 268 1620 295 41

269 358 365 401 sequi
379 357 540 403 jussisset
556 362 681 400 quarto
699 361 835 390 tantum
853 357 908 389 die
925 357 1123 399 episcopum
1142 356 1353 394 Murraviae,
1372 354 1552 388 Scotorum
1571 368 1621 389 re-

269 413 322 456 gis
349 418 530 451 oratorem,
556 417 596 445 ut
621 413 713 455 pacis
739 412 950 445 conditiones
974 422 1052 444 cum
1076 411 1256 444 Gallorum
1279 422 1358 456 rege
1384 411 1621 454 disceptaret.”

268 467 317 501 Et
330 469 389 502 lib.
402 477 440 501 x.
455 469 491 500 in
506 468 638 501 limine:
655 473 674 486 “
688 468 849 500 Pontifex
861 472 1042 510 postquam
1056 467 1216 500 Bononia
1227 468 1439 506 discesserat,
1451 467 1494 500 ad
1506 478 1621 512 regem

267 523 455 556 destinavit
472 524 653 556 Scotorum
671 525 834 568 legatum,
856 528 896 556 ut
920 528 1186 566 prosequeretur
1209 523 1327 555 eadem
1345 523 1403 555 illa
1421 523 1513 565 pacis
1532 525 1621 567 capi-

266 582 312 616 ta,
336 590 425 621 quae
448 579 491 612 ab
515 590 554 612 eo
579 590 656 611 cum
681 580 838 622 episcopo
861 578 1035 611 Gurciano
1060 579 1194 621 pridem
1220 578 1346 623 agitari
1372 580 1523 621 coepta.”
1572 579 1621 613 Et

266 633 393 666 ibidem
410 635 474 667 loci
492 635 529 667 in
548 635 791 677 sequentibus:
820 639 840 653 “
859 633 955 667 Inter
971 635 1034 667 has
1052 636 1242 667 anxietates
1261 638 1294 667 et
1312 636 1482 677 scopulos,
1497 635 1620 669 victori

265 689 411 722 similior
436 700 540 732 quam
567 691 660 723 victo
686 691 897 723 conditiones
923 690 1067 723 Carolus
1094 701 1155 722 rex
1180 691 1371 733 proposuit,
1398 695 1520 734 agente
1546 702 1621 724 ora-

265 748 339 777 tore
356 744 491 778 Scoto.’'
533 744 582 777 Et
600 746 717 778 eodem
735 746 823 778 libro
840 746 904 778 sub
921 746 1072 778 medium
1088 755 1096 777 z
1123 750 1143 764 “
1157 744 1308 778 Demum
1326 746 1505 789 episcopus
1523 746 1621 780 Mur-

263 800 389 838 raviae,
416 800 476 843 qui
503 811 621 843 pacem
647 801 738 833 inter
763 800 958 843 pontificem
985 806 1020 833 et
1044 812 1162 845 regem
1188 800 1380 834 Galliarum
1398 807 1618 841 tractaverat,

263 856 336 888 sive
361 856 477 888 animo
502 856 778 898 conscientiaque
804 860 930 894 motus,
957 856 1029 888 sive
1055 857 1148 898 quod
1176 856 1427 889 cardinalatum
1458 858 1616 897 ambiret,

263 922 341 944 cum
358 912 492 944 locutus
511 911 634 944 fuisset
651 922 777 955 magno
800 911 919 943 favore
943 912 979 943 in
1003 911 1101 955 regni
1124 912 1283 950 comitiis,
1307 912 1508 956 ingentique
1532 924 1617 956 pon-

262 966 361 999 tificis
380 967 533 1000 exhibito
551 967 734 1010 aequitatis
753 966 961 1004 testimonio,
979 967 1154 999 decretum
1171 967 1281 999 edicto
1300 967 1436 1009 publico
1454 968 1532 1008 fuit,
1553 970 1618 1002 cle-

262 1033 340 1054 rum
357 1023 401 1054 ad
418 1022 536 1055 concil.
556 1022 788 1055 Lateranense
805 1022 1047 1054 mittendum.”
1098 1022 1171 1054 Nec
1189 1026 1305 1055 tamen
1322 1023 1379 1055 ille
1396 1023 1527 1057 frustra
1545 1036 1615 1057 am-

261 1078 349 1110 bivit
366 1088 568 1120 purpuram,
587 1088 668 1110 nam
685 1077 801 1110 Julius
820 1077 867 1110 ΙΙ.
886 1082 938 1110 tot
955 1077 1142 1110 benefactis
1160 1079 1317 1122 galerum
1335 1078 1533 1117 destinavit,
1557 1081 1616 1112 sed

260 1137 371 1165 morte
388 1137 596 1174 praeventus
614 1143 683 1165 non
701 1133 914 1175 subscripsit,
933 1143 995 1164 nec
1013 1133 1118 1165 misit.
1145 1132 1332 1176 Appendix
1347 1134 1389 1166 ad
1403 1133 1426 1165 J
1428 1135 1616 1167 oanninum

260 1189 301 1220 de
332 1186 557 1219 Pontificibus
587 1187 767 1226 Romanis,
795 1189 855 1230 qui
885 1188 1015 1230 prodiit
1043 1187 1231 1227 Bononiae,
1263 1189 1321 1221 ubi
1347 1189 1530 1222 cardinalis
1562 1191 1616 1223 hic

258 1242 443 1280 scribitur;
469 1241 658 1284 Appendix
675 1253 757 1275 vero
775 1243 937 1275 editionis
957 1242 1254 1277 Francofurtinae.
1306 1243 1451 1287 Scripsit

399 1296 491 1330 Acta
508 1296 710 1341 Legationis
729 1308 809 1330 suae
1129 1300 1187 1332 lib.
1208 1309 1232 1331 1.

402 1352 579 1395 Epistolas
597 1363 660 1395 pro
677 1356 775 1395 patre
792 1353 835 1384 ad
854 1352 1017 1385 Carolum
1031 1352 1163 1386 Galliae
1178 1354 1320 1398 Regem,
1335 1356 1426 1397 apud
1441 1366 1543 1398 quem
1557 1357 1613 1390 ille

450 1407 564 1441 Scotia
582 1412 722 1440 exactus
741 1408 949 1447 ambulabat,
971 1408 1028 1441 lib.
1050 1418 1072 1441 Ι.
1125 1408 1180 1442 Jo.
1200 1409 1363 1444 Leslaeus
1382 1411 1440 1443 lib.
1461 1419 1546 1444 VIII.

306 1463 442 1496 Flomit
459 1474 549 1496 anno
569 1472 881 1497 MCCCCLxxqu.

738 1635 1015 1669 ALDREDUS.
1069 1636 1124 1670 63.

256 1745 478 1778 ALDREDUS
508 1746 795 1788 archiepiscopus,
823 1758 900 1779 cum
927 1747 1069 1792 Edgaro
1096 1748 1246 1792 Angliae
1276 1760 1356 1793 rege
1382 1761 1401 1782 a
1427 1749 1611 1783 Guilielmo

257 1800 434 1834 Normano
458 1802 589 1844 pulsus,
613 1802 649 1834 in
673 1801 823 1834 Scotiam
847 1804 992 1845 appulit.
1018 1803 1337 1837 Malmesburiensis
1362 1805 1419 1838 lib.
1445 1814 1503 1837 111.
1530 1817 1608 1850 pag.

259 1864 370 1888 Lv111.
422 1856 569 1900 Scripsit

399 1912 468 1945 Pro
485 1912 627 1957 Edgaro
645 1913 741 1958 Rege
755 1918 874 1946 contra
888 1914 1126 1957 Tyrannidem
1140 1915 1409 1955 Nox-manorum,
1423 1927 1492 1959 quo
1507 1927 1607 1959 opere

447 1973 521 2001 tota
539 1969 762 2002 successionis
781 1969 995 2013 Anglicanae
1019 1971 1164 2003 materia
1187 1972 1285 2014 plene
1310 1973 1475 2015 aperitur.
1527 1972 1609 2006 Alia

446 2023 594 2057 Balaeus
612 2030 801 2063 enumerat,
820 2026 879 2058 sed
897 2036 965 2058 non
985 2026 1068 2058 vidi.

400 2076 576 2120 Epistolas
593 2080 637 2112 ad
654 2079 786 2113 Exules
804 2081 863 2114 lib.
881 2090 904 2113 Ι.
942 2082 1076 2115 Multae
1093 2088 1168 2116 tum
1189 2083 1351 2122 familiae,
1370 2095 1486 2128 regem
1504 2095 1605 2117 suum

445 2145 487 2166 ex
513 2133 645 2178 Anglia
668 2141 814 2175 secutae,
845 2137 882 2169 in
912 2136 1026 2170 Scotia
1056 2139 1293 2172 consederunt.
1354 2138 1516 2173 Leslaeus
1547 2140 1604 2172 lib.

448 2197 499 2221 VI.

301 2243 440 2287 Agebat
458 2244 493 2277 in
512 2245 624 2279 Scotia
643 2256 733 2279 anno
753 2256 896 2280 MLXVI.
951 2248 1018 2281 Hic
1036 2260 1098 2282 rex
1114 2251 1275 2284 alumnus
1294 2250 1427 2284 Scotiae
1445 2257 1506 2284 est.

917 2312 941 2335 G
