1861 2682
276 218 337 247 236
650 217 872 249 HISTORIA
897 216 1255 247 ECCLESIASTICA

283 309 435 342 Thomas
452 308 596 341 feliciter
613 312 787 341 rexerunt.
838 306 896 339 Ad
913 306 1136 338 Guilielmurn
1154 306 1265 337 redeo.
1321 304 1355 337 Is
1374 305 1416 337 ad
1434 305 1630 336 examinari*

283 365 360 397 dam
385 364 533 396 Brevem
558 363 746 396 Raimundi
765 362 871 395 Lullii
890 360 1013 393 Artem
1035 360 1332 391 senatusconsulto
1360 358 1545 391 Parisiensi
1570 360 1627 391 de-

284 421 402 457 lectus,
428 423 467 451 ut
492 423 587 461 patet
612 429 654 450 ex
680 429 780 460 opere
806 418 864 449 illo
890 414 1053 459 Lugduni
1072 415 1163 446 edito
1181 424 1242 456 per
1260 413 1474 456 Stephanum
1492 413 1629 446 Balaud

285 486 374 507 anno
394 483 563 506 MDXIIII.
582 474 689 506 edidit

432 529 590 562 Examen
607 529 644 561 in
662 528 810 560 Brevem
830 525 1017 559 Raimundi
1035 523 1143 556 Lullii
1161 523 1284 557 Artem
1399 523 1458 556 lib.
1480 533 1502 556 1.

339 585 474 618 Floruit
492 595 582 617 anno
601 591 795 616 MCCCVIII.

584 691 833 726 GEORGIUS
858 689 1199 723 DEMPSTERUS.
1251 692 1331 725 427.

287 808 492 840 GEORGlUs
517 805 744 847 Dempsterus
771 802 1024 840 Brechinensis,
1054 801 1224 834 incertum
1252 811 1322 844 qua
1351 801 1493 839 familia,
1519 800 1634 833 Ticini

287 861 540 905 philosophiam
568 864 620 893 est
645 859 843 903 professus;
874 859 916 890 de
941 868 1009 901 quo
1035 856 1122 889 nihil
1145 857 1239 889 ultra
1264 857 1424 899 comperi.
1467 855 1574 889 Venit
1599 857 1636 889 in

288 928 411 950 manus
428 927 521 949 meas
538 915 696 949 Venetiis
714 925 877 947 excusum
896 924 985 946 anno
1005 920 1151 944 MDXLI.
1173 910 1297 956 [opus]
1318 912 1373 944 cui
1390 912 1525 949 titulus,

431 972 483 1004 De
500 971 618 1004 Rebus
636 972 679 1004 ad
698 970 889 1003 Novariam
907 970 1013 1014 gestis
1267 969 1325 1002 lib.
1345 977 1369 1000 1.
1396 968 1449 1001 De
1465 969 1633 1005 luctuosa,

480 1027 618 1065 scilicet,
643 1026 758 1059 Caroli
775 1025 877 1058 VIII.
902 1026 939 1057 in
961 1023 1157 1069 Aragonios
1181 1024 1407 1067 expeditione,
1426 1024 1462 1056 in
1480 1035 1549 1066 qua
1569 1024 1637 1056 tria

480 1083 540 1115 illa
573 1083 762 1115 clarissima
796 1082 973 1120 censenda,
1008 1080 1219 1124 expugnatio
1261 1079 1435 1122 Neapolis,
1469 1080 1634 1122 praelium

482 1139 645 1177 Tarense‚
675 1138 807 1171 obsidio
833 1136 1016 1169 Novariae.
1081 1135 1211 1168 Paulus
1235 1135 1371 1174 Jovius,
1400 1134 1636 1168 Guicchiardi-

478 1205 555 1233 nus,
573 1199 607 1227 et
624 1184 695 1227 aliiss

338 1250 474 1283 Floruit
491 1250 580 1282 circa
597 1260 728 1282 annum
748 1256 972 1281 MCCCCXCV.

604 1358 829 1392 JOANNES
854 1356 1195 1390 DEMPSTERUS.
1247 1358 1327 1389 428.

292 1473 313 1505 J
317 1481 477 1505 OANNES
510 1471 736 1514 Dempsterus
771 1482 791 1503 a
825 1469 998 1506 Barawia.
1036 1468 1131 1510 apud
1167 1477 1271 1499 avum
1313 1477 1428 1499 meum
1469 1466 1639 1500 Joannem

294 1529 492 1561 Mureskiae
516 1527 691 1565 educatus,
716 1527 752 1558 in
775 1525 905 1558 Gallias
929 1524 1051 1556 deinde
1074 1523 1243 1555 bonarum
1268 1522 1397 1555 artium
1422 1523 1538 1555 studio
1563 1533 1641 1565 pro-

294 1584 414 1622 fectus,
432 1584 587 1617 omnium
611 1593 674 1615 sua
699 1586 809 1614 aetate
831 1581 1010 1612 doctorum
1035 1578 1244 1611 clarissimus
1271 1578 1390 1616 evasit,
1417 1578 1445 1610 si
1466 1578 1639 1610 Francisci

296 1639 459 1672 Balduini
487 1639 521 1671 J.
553 1638 592 1670 C.
621 1637 820 1670 auctoritati
849 1635 1066 1671 credendum,
1096 1633 1155 1676 qui
1187 1633 1310 1666 alicubi
1340 1633 1377 1665 in
1406 1633 1542 1675 scriptis
1568 1633 1640 1665 suis

295 1695 486 1737 profitetur,
517 1699 537 1713 ‘⁶
563 1693 701 1727 Calvini
731 1699 764 1725 et
795 1691 992 1733 sequacium
1026 1689 1195 1722 haeresim
1228 1689 1332 1721 unius
1361 1688 1507 1721 Joannis
1536 1688 1641 1720 Dem-

296 1751 401 1792 psteri
420 1750 612 1782 eruditione
629 1747 866 1791 philosophica
882 1756 981 1789 posse
998 1745 1168 1778 retundi.’'
1211 1743 1279 1776 Hic
1296 1744 1516 1786 asperitatem
1535 1744 1639 1786 patrii

296 1806 462 1838 sermonis
480 1804 610 1838 Graeca
633 1802 817 1836 inflexione
841 1801 1058 1838 deliniturus,
1084 1811 1119 1832 se
1144 1811 1213 1832 non
1238 1799 1483 1842 Dempsterum
1509 1799 1642 1832 Scotica

296 1873 387 1900 voce,
413 1862 471 1894 sed
498 1860 752 1893 Themistorem
778 1857 908 1890 Graeco
931 1857 1094 1902 idiomate
1118 1856 1276 1893 vocavit3
1305 1865 1385 1887 nam
1410 1866 1486 1887 cum
1513 1853 1640 1887 Deem-

290 1921 400 1961 pstor³
425 1917 497 1950 sive
522 1914 700 1953 Domvter,
724 1914 815 1946 idem
833 1914 879 1945 sit
904 1923 942 1944 ac
962 1912 1082 1955 judex,
1107 1911 1248 1953 perinde
1273 1915 1347 1943 erat
1372 1909 1556 1953 Dempster
1581 1917 1642 1943 aut

296 1973 495 2005 Themistor
512 1972 577 2004 dici
593 1980 601 2003 ι
627 1971 706 2003 licet
722 1980 791 2002 non
809 1968 906 2000 facile
923 1967 1062 2009 probem
1080 1966 1221 1998 nomina
1237 1966 1378 2008 propria
1394 1966 1479 1998 adeo
1502 1976 1641 2008 praepo-

298 2033 389 2061 stero
407 2027 521 2060 studio
539 2030 681 2058 accentu
699 2024 826 2057 Latino
848 2022 978 2059 donari,
1003 2026 1042 2054 ut
1065 2022 1215 2065 origines
1237 2022 1365 2054 mutari
1389 2022 1581 2059 videantur,
1605 2033 1644 2054 ac

299 2095 368 2117 non
386 2084 476 2115 idem
493 2083 560 2115 alio
585 2081 722 2113 nomine
747 2079 870 2116 efferri,
896 2079 932 2110 in
950 2088 1018 2120 quo
1040 2088 1149 2120 nuper
1174 2078 1290 2120 lapsus
1316 2081 1378 2115 est,
1404 2088 1479 2109 meo
1504 2077 1642 2119 quidem

295 2138 437 2182 judicio,
450 2137 472 2170 J
474 2137 599 2170 acobus
613 2135 796 2179 Augustus
811 2133 991 2171 Thuanus,
1005 2143 1141 2175 praeses
1155 2138 1294 2165 senatus
1310 2132 1525 2171 Parisiensis,
1537 2132 1644 2165 histo-

300 2195 390 2227 ricus
410 2193 631 2226 clarissimus.
682 2190 740 2223 Ad
757 2189 780 2222 J
782 2199 926 2223 oannem
945 2189 1055 2220 redeo,

349 2249 506 2282 Lutetiae
524 2245 777 2290 philosophiam
795 2249 846 2278 est
864 2243 1038 2287 professus
1056 2254 1135 2276 rara
1151 2243 1282 2288 ingenii
1299 2243 1473 2282 felicitate,
1498 2247 1531 2276 et
1548 2243 1645 2276 docte
