1861 2682
244 254 304 284 160
617 255 843 286 HISTORIA
867 255 1227 287 ECCLESIASTICA

699 401 733 433 S.
761 399 1001 433 CALANUS.
1055 402 1134 435 270.

246 511 440 545 CALANUS
458 524 500 545 ex
518 512 763 545 vetustissimis
782 512 848 544 illis
867 511 976 543 Scotis
995 511 1054 554 qui
1078 511 1179 543 rudes
1202 511 1346 553 populos
1369 510 1471 543 fidem
1497 511 1599 544 docu-

246 573 356 600 erunt..
383 568 484 601 Joan.
510 568 673 600 Leslaeus
696 568 754 599 lib.
777 576 834 599 ΙΙΙ.
858 578 937 610 pag.
958 575 1085 598 CXXII.
1115 566 1245 599 Hector
1264 566 1433 599 Boethius
1460 567 1518 599 lib.
1541 576 1594 598 VI.

247 623 340 656 Hist.
360 623 450 656 Scot.
469 635 547 668 pag.
568 632 679 656 XCIX.
707 628 726 642 ‘⁶
746 623 842 655 Inter
862 627 1034 654 nostrates
1053 622 1170 654 eadem
1188 621 1283 654 fuere
1307 626 1519 664 tempestate,
1547 633 1599 654 sa-

245 689 301 711 cra
319 680 473 711 doctrina
491 680 668 721 pollentes,
686 678 918 720 Amphibalus
941 677 1097 716 antistes,
1122 676 1299 716 Modocus,
1325 676 1476 716 Priscus,
1502 678 1599 710 Cala-

244 745 320 773 nus,
354 735 538 772 Ferranus,
570 733 774 771 Ambianus,
800 737 834 765 et
858 732 1043 771 Carnocus‚
1070 732 1134 765 Dei
1159 734 1317 771 cultoreS,
1342 732 1463 765 Culdei
1487 734 1598 776 prisca

244 795 361 822 nostra
379 790 498 833 lingua
516 789 653 833 vulgari
676 789 770 827 dicti,
797 788 927 820 Christi
954 788 1147 820 servatoris
1173 788 1364 820 doctrinam
1391 799 1508 821 omnes
1536 800 1598 831 per

244 844 423 877 Scotorum
442 845 598 888 regiones
617 845 859 882 concionando,
874 844 993 876 multis
1008 844 1142 887 piisque
1161 843 1343 876 sudoribus
1359 844 1598 876 seminantes.''

243 900 380 932 Nomen
399 901 429 932 ei
447 900 604 943 fortassis
623 911 642 931 a
659 900 946 944 gymnosophista
964 900 1022 932 illo
1039 899 1174 937 celebri,
1192 899 1251 942 qui
1270 898 1509 931 Alexandrum
1524 899 1599 931 Ma-

243 956 402 988 cedonem
421 960 558 988 secutus
576 967 681 998 pyrae
699 966 733 987 se
756 955 1024 987 comburendum
1051 955 1180 999 injecit,
1199 959 1238 987 ut
1262 954 1481 992 Plutarchus,
1499 955 1599 987 Arri-

243 1022 338 1049 anus,
354 1011 395 1048 Q.
412 1011 565 1049 Curtius,
580 1016 613 1043 et
625 1012 681 1043 alii
700 1011 877 1053 proditum
898 1011 1131 1043 monumentis
1150 1011 1382 1053 reliquerunt3
1403 1015 1492 1042 certe
1506 1011 1597 1043 enim

244 1067 303 1098 diu
330 1071 408 1099 ante
434 1066 516 1098 haec
540 1071 696 1109 tempora
718 1077 815 1109 reges
840 1067 948 1098 nostri
968 1067 1190 1109 antiquarum
1208 1066 1434 1099 historiarum
1452 1066 1596 1110 cogniti-

243 1134 343 1155 onem
362 1123 576 1160 invexerant,
597 1127 630 1154 et
647 1121 865 1154 familiaritas
883 1133 960 1154 cum
980 1122 1088 1154 doctis
1113 1122 1324 1160 hominibus,
1353 1132 1372 1153 a
1398 1121 1598 1154 Ptolomaeo

244 1189 322 1222 rege
341 1179 383 1210 ad
401 1178 507 1210 situm
526 1178 676 1221 regionis
694 1178 943 1220 explorandum
961 1178 1086 1215 missis,
1105 1182 1280 1210 contracta
1297 1177 1420 1209 fuerat.
1464 1176 1597 1209 Utcun-

243 1246 309 1277 que
326 1246 361 1267 se
375 1246 428 1268 res
446 1235 560 1272 habet,
579 1239 669 1266 certe
687 1234 837 1266 Calanus
856 1234 910 1266 vir
927 1234 1129 1276 praecipuae
1147 1233 1368 1276 dignationis.
1420 1231 1564 1274 Scripsit

386 1290 559 1322 Homilias
577 1291 618 1321 de
637 1290 774 1322 Sanctis
1157 1288 1216 1320 lib.
1236 1297 1259 1319 Ι.

386 1346 575 1378 Conciones
593 1346 635 1377 ad
655 1345 831 1387 Populum
1160 1343 1218 1376 lib.
1240 1352 1263 1374 Ι.

291 1401 453 1434 Florebat
471 1411 560 1432 anno
579 1408 768 1432 CCCLVIII.
820 1400 956 1432 Colitur
973 1407 1120 1432 XXVIII.
1140 1398 1309 1431 Novemb.

683 1512 716 1544 S.
744 1510 1013 1544 CARNOCUS.
1066 1512 1144 1546 271.

244 1624 397 1656 EADEM
416 1623 629 1666 professione
647 1628 681 1655 et
699 1623 829 1655 virtute
852 1622 1026 1655 Carnocus
1050 1621 1250 1659 habebatur,
1276 1621 1374 1664 cujus
1396 1622 1594 1654 memoriam

244 1680 345 1712 audio
363 1680 398 1711 111
416 1678 660 1711 Sutherlandia
678 1684 841 1721 tanquam
861 1679 1043 1711 sanctitate
1058 1678 1150 1710 vitae
1166 1678 1248 1709 clari
1264 1677 1324 1709 diu
1338 1683 1593 1717 conservatam

245 1736 317 1767 sive
336 1735 382 1767 ibi
401 1735 465 1767 loci
488 1738 600 1771 natus,
625 1745 685 1766 seu
709 1735 835 1766 sanctis
859 1734 977 1766 officiis
999 1734 1139 1766 functus
1162 1738 1308 1771 tantum,
1335 1743 1397 1775 pro
1421 1739 1594 1776 comperto

246 1802 312 1823 11011
332 1791 450 1822 habeo.
503 1789 638 1832 Scripta
655 1790 861 1822 interierunt
879 1790 1044 1832 temporis
1062 1789 1201 1833 injuria.

292 1847 442 1879 Vivebat
460 1856 549 1878 311110
568 1854 755 1877 CCCLVIII.
794 1845 815 1877 J
819 1856 894 1878 oan.
914 1845 1077 1878 Leslaeus
1095 1846 1168 1877 loco
1185 1844 1336 1877 laudato.
1374 1844 1509 1877 Colitur
1528 1854 1592 1877 XV.

244 1903 265 1934 J
269 1903 352 1936 unii.

708 1997 741 2030 S.
769 1995 1010 2029 CELLACH.
1062 1997 1139 2031 272.

246 2071 280 2103 S.
308 2070 513 2108 CELLACH,
544 2070 616 2102 sive
646 2068 833 2105 Colleacus,
862 2072 922 2100 aut
953 2067 1165 2104 Coellachus,
1196 2077 1238 2098 ex
1265 2077 1382 2099 eorum
1414 2066 1592 2100 Scotorum

245 2126 314 2158 fuit
350 2136 494 2158 numero
530 2125 589 2167 qui
624 2124 793 2167 evangelii
827 2123 957 2155 semina
990 2123 1027 2154 in
1060 2121 1191 2166 Anglia
1224 2128 1435 2164 sparserunt,
1470 2123 1524 2154 vel
1557 2123 1593 2154 111

247 2181 400 2213 adultam
424 2184 572 2224 segetem
602 2184 634 2211 et
665 2178 790 2210 bonam
815 2177 950 2222 frugem
980 2178 1183 2210 eduxerunt.
1236 2182 1257 2196 “
1275 2177 1455 2216 Colachus,
1477 2189 1594 2211 mona-

248 2237 331 2269 chus
351 2235 534 2274 Huensis,''
557 2238 701 2267 vocatur
719 2238 739 2252 “
759 2233 967 2266 Merciorum
990 2234 1187 2276 episcopus”
1210 2244 1230 2266 a
1251 2232 1421 2266 Trithem.
1452 2234 1510 2266 lib.
1539 2242 1590 2266 IV.

249 2293 290 2325 de
314 2291 474 2324 illustrib.
505 2290 600 2323 Viris
627 2290 749 2323 Ordin.
781 2289 815 2322 S.
846 2289 1024 2322 Benedicti
1055 2300 1128 2332 cap.
1160 2297 1311 2322 CXLVII.
1342 2288 1592 2332 Episcopatum
