1861 2682
284 238 365 267 288*
666 235 892 268 HISTORIA
915 235 1280 267 ECCLESIASTICA

289 330 399 363 Porro
417 328 453 362 in
471 327 620 362 Decreto
638 326 798 361 Gratiani
816 327 955 370 praesul
971 326 1176 371 Biturigum
1192 325 1391 369 patriarcha
1408 330 1563 360 vocatur.

644 437 966 471 FLORENTIUS
992 436 1298 471 VOLUSENUS.

293 552 368 585 HIC
388 553 501 586 locum
519 561 621 585 suum
639 550 781 584 habebit
799 549 892 583 infra
909 550 974 583 hoc
991 560 1104 592 opere,
1121 548 1182 582 ubi
1201 549 1243 582 de
1260 549 1321 583 illo
1338 549 1429 583 vide.

690 659 919 694 JOANNES
944 659 1115 694 FOGUS.
1167 662 1246 694 542.

291 775 313 806 J
317 782 478 807 OANNES
494 773 625 818 Fogus,
644 772 802 806 monach.
822 772 1073 811 Cisterciensis‚
1093 771 1126 806 S.
1146 771 1339 817 theologiae
1353 772 1482 811 doctor,
1501 772 1651 806 Paulum

293 830 397 870 Crau,
417 830 614 863 Bohemum
636 839 772 874 genere,
800 828 970 861 haeresim
996 828 1235 861 lViclefianam
1262 839 1301 861 ae
1327 828 1556 862 Hussitanam
1582 840 1652 862 sce-

292 888 376 920 leste
394 887 430 920 in
449 885 565 919 Scotia
582 887 752 919 seminare
778 885 1010 928 incipientem,
1037 884 1232 917 eruditione
1258 895 1297 917 ac
1322 884 1415 917 vitae
1440 885 1653 918 continentia

292 943 484 986 repressit3
511 953 630 985 quare,
656 942 715 974 illo
741 940 890 974 flammis
916 944 1132 983 consumpto,
1160 940 1217 972 hic
1242 940 1464 973 Mailrosensi
1491 940 1653 973 coenobio

294 1000 443 1032 donatus
461 1010 482 1031 a
498 997 628 1031 Jacobo
646 997 691 1030 D.
710 996 873 1029 Andreae
890 996 1060 1039 episeopo.
1112 996 1259 1039 Scripsit

437 1054 540 1086 Pauli
559 1053 653 1086 Crau
671 1053 819 1085 Bohemi
837 1052 998 1084 Examen
1452 1051 1511 1085 lib.
1532 1061 1556 1085 1.

436 1109 490 1142 De
508 1108 699 1141 Erroribus
717 1108 971 1141 lViclefitarum
991 1112 1095 1151 atque
1114 1107 1342 1141 Hussitarum
1452 1108 1512 1140 lib.
1532 1116 1557 1140 1.

436 1164 490 1197 De
509 1164 736 1197 Confessione
755 1164 941 1196 auriculari
1451 1164 1511 1197 lib.
1530 1171 1556 1196 1.

341 1221 479 1255 Floruit
496 1231 587 1254 anno
606 1229 731 1253 MCDL.
784 1220 908 1253 Boeth.
927 1220 986 1253 lib.
1007 1227 1107 1252 xvn.
1127 1218 1262 1253 Histor.
1282 1218 1374 1253 Scot.
1392 1229 1472 1264 pag.
1492 1227 1636 1253 cccml.

640 1332 662 1365 J
665 1331 868 1365 OANNES
894 1330 1173 1364 FORDUNUS.
1225 1333 1306 1364 543.

296 1447 484 1479 JOANNES
502 1445 689 1478 Fordunus
715 1444 814 1488 cujus
840 1443 946 1476 fuerit
969 1443 1062 1476 vitae
1085 1443 1304 1482 conditionis,
1330 1453 1401 1476 non
1426 1442 1654 1486 deprehend13

296 1502 518 1546 suspicantur
535 1500 693 1534 nonnulli
712 1499 921 1532 monachum
938 1499 1045 1532 fuisse
1060 1509 1068 1531 2
1094 1504 1272 1542 utcunque
1290 1499 1346 1531 vir
1362 1498 1431 1531 fuit
1448 1499 1596 1544 diligens
1620 1500 1655 1532 in

295 1558 526 1601 perquirenda
543 1557 658 1601 gentis
676 1560 814 1589 nostrae
832 1555 1052 1599 antiquitate,
1070 1559 1105 1588 et
1122 1555 1159 1587 in
1173 1554 1354 1588 scribendo
1367 1555 1467 1587 valde
1481 1555 1655 1598 eloquens.

296 1613 386 1657 Ejus
403 1618 455 1646 est

442 1668 602 1702 Historia
620 1667 754 1700 Scotiae
851 1666 910 1699 lib.
931 1665 1006 1710 [V.]
1058 1666 1187 1712 Ingens
1207 1667 1370 1700 volumen
1387 1665 1464 1699 MS.
1482 1667 1519 1700 in
1536 1667 1657 1700 biblio-

490 1725 592 1757 theca
618 1724 764 1768 Collegii
791 1722 826 1756 S.
853 1722 1034 1755 Benedicti
1060 1722 1306 1767 cantabrigiae
1328 1722 1365 1755 in
1391 1722 1533 1767 Anglia,
1551 1734 1656 1766 quam

489 1780 766 1825 diligentissime,
779 1779 879 1813 sociis
887 1779 1028 1824 juratis,
1043 1779 1200 1812 cancellis
1213 1779 1423 1821 clathrisque
1435 1779 1635 1812 custodiunt
1649 1789 1656 1811 :

491 1837 566 1881 ejus
584 1847 648 1881 ego
666 1837 812 1869 lectione
829 1836 980 1868 multum
998 1836 1140 1880 adjutus
1158 1835 1287 1878 optavi,
1303 1835 1363 1867 sed
1380 1835 1564 1874 incassum,
1583 1836 1658 1868 luce

493 1893 692 1925 donaretur.

349 1948 450 1983 Vixit
468 1959 559 1982 anno
580 1946 859 1993 [MCCCLXXX.]
910 1946 964 1980 De
981 1947 1056 1991 ejus
1074 1947 1314 1980 continuatore
1331 1946 1405 1980 dixi
1423 1947 1460 1980 in
1478 1946 1658 1980 Auctario.

649 2058 859 2093 THOMAS
885 2057 1176 2091 FORBASSUS.
1229 2060 1310 2092 544.

303 2173 476 2206 THOMAS
496 2172 700 2210 Forbassus,
718 2170 935 2204 nobilissima
957 2174 1053 2203 ortus
1072 2169 1214 2209 familia,
1240 2170 1276 2203 in
1305 2169 1487 2214 Hispaniis
1513 2171 1659 2204 clarissi-

302 2240 399 2262 mum
428 2239 555 2261 nomen
585 2228 742 2271 adeptus,
777 2227 813 2259 in
844 2226 950 2259 variis
981 2226 1166 2259 academiis
1194 2227 1301 2260 bonas
1329 2227 1446 2261 literas
1474 2226 1659 2270 professus.

303 2285 393 2330 Ejus
411 2290 494 2319 sunt
511 2285 696 2329 permulta,
716 2284 777 2317 sed
795 2294 859 2328 ego
876 2287 1014 2316 tantum
1034 2282 1105 2314 vidi
