1861 2682
257 230 275 256 >0

279 230 317 258 {g

631 232 854 265 HISTORIA
878 234 1238 267 ECCLESIASTICA

551 321 651 355 Qualis
666 322 781 349 Castalii
796 331 906 358 praeses
920 323 1022 359 Apollo
1035 323 1118 350 chori.

513 366 608 394 Sermo
621 372 680 394 erat
696 367 817 394 aetherei
832 367 866 394 de
880 368 1026 403 majestate
1040 368 1172 399 tonantis,

551 411 590 438 Ut
604 411 702 439 tulerit
716 417 825 439 nostrae
839 412 1003 439 conditionis
1017 421 1086 439 onus
1097 423 1105 445 3

514 456 554 483 Ut
567 466 658 493 neque
673 463 827 484 concretam
842 457 935 484 divina
949 458 1074 494 potentia
1088 457 1179 485 labem

549 502 685 530 Hauserit
699 503 728 529 in
743 503 836 539 fragili
849 513 960 539 corpore
974 508 1047 530 tecta
1062 503 1198 536 hominis,-

514 547 574 574 Nec
590 548 657 575 licet
670 548 700 575 in
714 549 786 575 servi
801 548 928 575 dominus
942 548 1117 576 descenderit
1131 554 1216 581 artus,

549 593 685 620 Naturam
701 594 830 621 exuerint
844 594 967 620 membra
981 593 1083 621 caduca
1096 604 1184 622 suam.

510 638 645 675 Quisquis
660 639 746 671 adest,
762 638 872 666 dubitat
886 638 1013 666 scholane
1027 639 1192 676 immigrarit
1206 640 1235 668 in
1250 641 1350 674 aulam,

546 684 594 710 An
607 684 695 719 magis
709 685 737 710 in
752 684 871 712 mediam
885 685 993 712 venerit
1007 685 1070 711 aula
1084 685 1212 713 scholam.

508 729 622 765 Jupiter
635 729 805 766 Aethiopum
821 730 946 758 convivia
959 730 1033 758 solus
1046 730 1155 764 habeto,

548 774 626 802 Dum
641 775 709 802 mihi
724 775 855 803 concedas
869 775 1004 813 praesulis
1017 786 1063 803 ore
1077 775 1142 804 frui.

255 877 355 914 Quod
372 879 585 920 praeclarum
604 884 693 912 certe
716 879 952 912 testimonium
977 879 1014 911 in
1036 890 1094 912 ore
1117 879 1266 912 hominis
1292 891 1312 912 a
1335 890 1416 913 vera
1438 882 1604 926 religione

257 938 328 965 tam
346 934 459 967 alieni.
510 933 600 978 Ejus
619 939 723 969 sunt:

397 989 537 1034 Virgilii
556 991 671 1033 Opera
688 990 830 1023 Scoticis
847 990 1022 1033 rhythmis
1041 993 1209 1025 translata
1231 992 1289 1025 lib.
1310 1001 1334 1025 1.
1360 993 1447 1025 mira
1472 993 1600 1036 ingenii

442 1045 615 1085 felicitate,
633 1051 673 1078 ut
691 1046 847 1078 versibus
872 1057 991 1079 versus
1015 1048 1271 1090 responderent,
1298 1049 1390 1091 quod
1415 1048 1506 1080 haud
1533 1049 1601 1080 scio

444 1112 487 1134 an
505 1103 700 1144 exemplum
719 1102 843 1134 habeat
862 1103 897 1134 in
915 1104 1133 1146 antiquitate.

395 1157 569 1189 Palatium
588 1157 742 1189 Honoris
1115 1159 1173 1190 lib.
1195 1167 1218 1190 1.

391 1211 528 1244 Aureae
547 1212 772 1246 Narrationes
1113 1214 1172 1246 lib.
1193 1223 1216 1246 Ι.

393 1268 597 1300 Comoediae
614 1269 746 1310 aliquot
763 1280 877 1302 sacrae
1112 1269 1171 1301 lib.
1192 1278 1216 1301 1.

392 1323 445 1356 De
463 1324 579 1356 Rebus
597 1324 738 1356 Scoticis
1114 1324 1172 1355 lib.
1192 1333 1215 1355 1.

297 1379 485 1412 Extinctus
512 1384 563 1411 est
589 1383 683 1421 peste
709 1379 860 1412 Londini
885 1384 1075 1423 grassante,
1103 1384 1268 1423 regnante
1293 1379 1422 1412 Jacobo
1439 1379 1481 1412 V.
1509 1391 1599 1412 anno

253 1443 400 1467 MDXXI.
453 1434 615 1467 Meminit
633 1433 796 1467 Leslaeus
814 1435 872 1468 lib.
893 1444 948 1467 IX.

696 1545 731 1577 S.
757 1545 1011 1578 DICULLUS.
1064 1544 1143 1578 406.

249 1656 283 1688 S.
303 1656 506 1688 DICULLUS
524 1656 579 1688 hic
597 1657 699 1698 paulo
716 1657 885 1698 posterior
903 1661 1054 1699 tempore
1072 1657 1139 1689 alio
1157 1657 1197 1689 de
1223 1666 1291 1700 quo
1319 1657 1414 1689 Beda
1440 1657 1515 1688 libr.
1537 1665 1593 1688 III.

252 1711 384 1744 Histor.
403 1711 601 1744 Ecclesiast.
621 1712 722 1744 Gent.
740 1711 886 1756 Anglor.
906 1723 978 1754 cap.
998 1721 1145 1745 XXVIII.
1174 1717 1193 1730 ‘⁶
1211 1712 1298 1745 Erat
1325 1718 1440 1744 autem
1458 1711 1505 1744 ibi
1524 1722 1593 1744 mo-

249 1768 378 1799 nachus
396 1768 535 1810 quidam
554 1768 595 1799 de
613 1768 751 1799 natione
769 1767 959 1805 Scotorum,
987 1768 1151 1800 vocabulo
1174 1767 1287 1805 Dicul,
1313 1767 1441 1799 habens
1460 1777 1594 1798 monas—

248 1823 406 1855 teriolum
425 1823 460 1855 in
479 1824 551 1855 loco
569 1823 627 1865 qui
650 1828 792 1855 vocatur
814 1823 1021 1861 Bosanham,
1045 1823 1141 1855 silvis
1165 1827 1198 1855 et
1219 1823 1306 1855 mari
1329 1822 1590 1859 circumdatum,

248 1879 335 1910 etin
353 1890 391 1911 eo
414 1878 537 1910 fratres
561 1879 713 1921 quinque
735 1879 807 1910 sive
829 1889 888 1910 sex
912 1879 945 1909 in
970 1878 1091 1909 humili
1119 1883 1152 1910 et
1175 1889 1324 1920 paupere
1348 1877 1420 1908 vita
1443 1876 1593 1909 Domino

250 1933 486 1966 fanmlantes.”
536 1934 632 1972 Quae
650 1934 755 1966 verba
772 1933 874 1965 habet
892 1933 1013 1965 Surius
1037 1933 1072 1964 in
1099 1933 1182 1965 Vita
1208 1933 1242 1965 S.
1270 1932 1425 1964 Wilfridi
1452 1937 1534 1964 tom.
1555 1942 1590 1964 v.

248 1991 301 2022 die
320 1998 392 2022 XII.
411 1989 550 2022 Octobr.
594 1989 788 2021 Camdenus
807 1989 947 2021 Scotum
965 1988 1058 2026 facit,
1077 1993 1110 2020 et
1128 1988 1376 2020 monasterium
1395 1989 1483 2020 locat
1502 1988 1591 2020 inter

248 2044 374 2077 Sussex
393 2049 425 2077 et
444 2045 708 2087 Southampton,
728 2055 805 2088 pag.
825 2052 1008 2076 CCXXIIX.
1060 2043 1205 2086 Scripsit

390 2098 450 2132 Ad
468 2100 701 2132 Occidentales
720 2100 870 2131 Saxones
888 2098 1158 2131 Exhortationes
1296 2099 1354 2131 lib.
1375 2107 1398 2130 I.

295 2156 431 2188 Floruit
448 2166 537 2188 anno
555 2164 781 2188 DCLXXXIX.
833 2154 995 2186 Sanctum
1015 2159 1115 2197 putat
1138 2155 1277 2186 ecclesia
1303 2153 1445 2191 Scofflca,
1465 2163 1506 2184 ex
1525 2152 1591 2184 Be-

247 2213 289 2243 da
303 2212 360 2244 lib.
378 2220 434 2243 111.
451 2211 544 2243 Hist.
562 2210 690 2243 Eccles.
710 2209 855 2254 Anglor.
875 2220 946 2252 cap.
964 2219 1048 2241 XIX.
1085 2209 1221 2242 Colitur
1239 2217 1294 2241 XI.
1313 2209 1413 2242 Febr.
1435 2217 1458 2240 Ι.
1476 2208 1584 2240 Junii.
