1861 2682
615 233 787 265 GENTIS
811 231 1084 270 SCOTORUM,
1108 231 1197 264 LIB.
1222 232 1279 264 VI.
1571 234 1633 264 29ss

274 326 389 368 perius
408 329 609 359 enumerata
626 330 709 359 sunt
727 337 841 369 opera,
860 326 1000 369 scripsit

418 382 537 415 Vitam
556 381 674 416 Sancti
692 382 922 421 willibrordi,
941 392 1055 425 prosa,
1210 380 1268 413 lib.
1290 389 1313 413 1.
1365 378 1471 424 Apud
1490 379 1632 413 Surium

466 443 551 472 tom.
570 447 623 471 VI.

420 493 540 527 Vitam
558 495 725 539 ejusdem,
745 505 859 533 versu,
878 493 955 527 MS.
1078 492 1138 526 lib.
1158 501 1183 525 1.
1234 492 1278 526 In
1296 491 1454 526 biblioth.
1475 491 1508 525 S.
1528 491 1631 524 Galli.

419 549 462 583 In
480 549 716 595 Evangelium
735 550 771 583 S.
790 549 813 582 J
815 550 935 583 oannis
954 548 1230 582 Commentarios
1343 548 1402 581 lib.
1423 557 1448 581 1.
1499 546 1634 592 Argen-

467 598 560 631 tinae
577 609 723 632 excusus
742 609 834 632 anno
853 606 1049 631 MDXXVII.
1087 596 1231 631 Gesner.
1250 596 1288 630 in
1308 595 1537 629 Bibliotheca.
1557 595 1632 628 MS.

467 653 502 687 S.
521 653 625 687 Galli.

420 710 462 744 In
480 715 612 753 septem
630 710 788 744 Psalmos
806 709 1070 754 poenitentiales
1208 708 1269 742 lib.
1289 717 1314 742 Ι.
1335 707 1472 742 Prodiit
1490 708 1635 741 Parisiis

467 777 558 800 anno
578 775 678 799 MDL.

420 822 621 866 Disputatio
651 833 731 855 cum
761 822 886 856 Carolo
916 821 1050 867 Magno
1079 823 1121 856 de
1152 821 1342 856 Rhetorica
1371 825 1406 854 et
1435 819 1637 855 Virtutibus

467 878 526 912 lib.
548 888 571 912 1.
598 878 729 922 prodiit
755 889 846 912 anno
875 886 1089 911 MDXXXIX.
1140 878 1284 912 Titulus
1310 879 1341 912 ei
1368 877 1463 921 operi
1492 877 1530 909 in
1559 875 1635 910 MS.

468 934 502 967 S.
522 934 624 974 Galli,
652 939 673 953 ‘⁶
691 934 896 978 Disputatio
915 934 957 967 de
980 934 1180 974 Rhetorica,
1208 939 1242 968 et
1267 934 1309 968 de
1327 932 1530 968 Virtutibus
1548 933 1639 975 sapi-

468 991 639 1024 entissimi
657 991 750 1036 regis
764 990 891 1031 Caroli,
906 995 940 1024 et
953 990 1076 1024 Albini
1093 990 1254 1036 magistri
1266 991 1297 1024 :’'
1314 990 1370 1024 cui
1384 990 1450 1024 hoc
1467 989 1639 1034 epigram-

468 1058 525 1080 ma
541 1047 746 1091 praefixum‚
763 1048 896 1081 incerto
915 1050 1056 1081 auctore
1072 1056 1081 1079 ε

570 1135 629 1170 Qui
643 1145 708 1172 rogo
721 1135 818 1164 civiles
833 1136 929 1174 cupiat
942 1144 1106 1173 cognoscere
1119 1144 1219 1168 mores,

611 1181 692 1209 Haec
705 1186 858 1219 praecepta
870 1182 956 1219 legat,
971 1191 1044 1218 quae
1056 1181 1129 1209 liber
1142 1180 1196 1208 iste
1210 1185 1298 1208 tenet.

568 1227 724 1264 Scripserat
737 1227 806 1255 haec
820 1227 895 1255 inter
909 1236 989 1255 curas
1003 1236 1053 1254 rex
1068 1226 1184 1254 Carolus
1198 1226 1288 1258 aulae,

604 1272 785 1310 Albinusque
799 1273 884 1300 simul
894 1283 903 1306 ς
924 1273 971 1301 hic
985 1272 1074 1305 dedit,
1088 1271 1138 1300 ille
1151 1272 1269 1309 probat:

568 1317 667 1346 Unum
681 1328 751 1356 opus
765 1318 909 1346 amborum
920 1329 928 1351 ;
951 1318 1045 1356 dispar
1059 1318 1082 1346 si
1096 1327 1179 1346 causa
1192 1317 1323 1351 duorum,

609 1363 665 1392 Ille
679 1369 761 1402 pater
775 1364 886 1397 mundi,
901 1364 947 1392 hic
959 1364 1100 1393 habitator
1114 1364 1203 1401 inops.

571 1410 637 1438 Non
651 1415 762 1438 temnas
775 1411 893 1444 modico,
907 1411 1004 1443 lector,
1018 1420 1069 1448 pro
1082 1418 1195 1447 corpore
1208 1408 1323 1441 librum,

606 1456 728 1494 Corpore
741 1456 917 1494 praemodico
929 1456 987 1485 mel
1000 1456 1053 1485 tibi
1067 1459 1161 1493 portat
1174 1455 1243 1493 apis.

323 1551 497 1583 Adultera
514 1550 684 1593 quaedam
703 1551 734 1583 ei
752 1550 1005 1591 attribuuntur,
1028 1561 1117 1594 quae
1141 1549 1280 1583 Calvini
1303 1548 1469 1582 haeretici
1490 1559 1563 1582 esse
1581 1560 1641 1582 an-

275 1607 410 1640 notavit
423 1605 597 1639 Henricus
610 1605 771 1640 Canisius
786 1610 871 1640 tom.
887 1611 924 1640 V.
939 1606 1129 1651 Antiquar.
1145 1605 1301 1640 Lection.
1316 1616 1396 1651 pag.
1413 1613 1639 1639 DecceLvn.

748 1774 783 1807 S.
811 1773 1031 1809 FETHUO.
1083 1776 1167 1808 535.

275 1889 513 1921 DISCIPULOS
531 1886 565 1920 S.
586 1886 775 1920 Columbae
793 1897 1000 1921 enumerans
1020 1886 1122 1920 Hect.
1142 1886 1268 1920 Boeth.
1283 1885 1343 1919 lib.
1359 1895 1414 1919 IX.
1438 1885 1533 1919 Hist.
1549 1886 1639 1919 Scot.

275 1955 353 1988 pag.
380 1951 516 1976 CLXVI.
545 1947 564 1962 ‘⁶
582 1942 770 1982 Domitius,
789 1942 956 1982 Ruthius‚
975 1948 1010 1977 et
1027 1943 1176 1982 Fethuo,
1201 1942 1295 1976 haud
1319 1953 1444 1986 parum
1468 1943 1638 1975 natalium

277 1999 517 2043 amplitudine,
540 2000 599 2032 sed
616 1999 728 2044 magis
755 2000 857 2044 longe
883 1999 1051 2045 religione
1076 1998 1283 2033 honestati.”
1334 1997 1511 2032 Abbatem
1536 1997 1642 2031 fuisse

276 2060 421 2095 constat,
442 2060 475 2088 et
493 2059 580 2098 puto
596 2055 688 2088 inter
705 2054 916 2089 Sodorenses
934 2056 1011 2089 illos
1029 2055 1149 2089 Scotos
1166 2060 1362 2089 montanos.
1414 2053 1560 2099 Scripsit

422 2110 600 2155 Epistolas
619 2112 662 2144 ad
681 2111 804 2145 Patres
822 2112 859 2145 in
877 2111 964 2146 Iona
1247 2111 1306 2146 lib.
1326 2121 1351 2145 1.

325 2167 474 2202 Vivebat
493 2178 584 2202 anno
603 2176 709 2202 DCVI.
759 2167 783 2200 J
785 2178 912 2202 oannes
930 2167 1106 2209 Leslaeus,
1123 2168 1184 2203 lib.
1203 2177 1256 2202 lv.
1275 2179 1355 2213 pag.
1378 2176 1472 2200 cL11.
