1861 2682
612 268 783 302 GENTIS
808 264 1078 302 SCOTORUM,
1102 263 1188 295 LIB.
1210 263 1253 294 11.
1591 260 1630 289 73

551 360 631 395 Quin
645 369 674 388 se
688 358 797 395 relligio
809 357 931 385 multum
946 355 1048 383 debere
1062 353 1206 382 Britannis

554 406 680 437 Servata,
695 410 723 432 et
737 404 795 432 late
809 402 913 430 mundo
927 401 1051 438 dispersa
1065 400 1180 427 fatetur.

553 452 627 486 Quis
639 460 749 483 nomen,
763 448 912 480 Winsride,
927 453 1018 478 tuum,
1033 445 1095 483 quis
1110 453 1227 472 munera
1240 443 1349 472 nescit?

554 496 600 524 Te
614 497 694 528 duce,
710 494 859 524 Germanis
872 493 963 531 pietas
977 500 1081 524 severa,
1096 490 1219 527 fidesque

556 542 568 569 1
572 542 706 570 nsinunns
719 540 809 578 coepit
823 539 894 567 ritus
908 537 1016 567 abolere
1030 536 1167 574 profanos.

310 638 405 671 Haec
423 649 505 672 vero
522 637 696 672 habentur
712 637 840 680 scripta
857 635 900 669 ab
917 643 977 668 eo:

403 693 535 727 Contra
563 693 764 726 Haereticos
788 692 846 725 lib.
872 700 897 725 1.
921 689 998 723 MS.
1022 688 1164 723 Fuldae.
1216 687 1334 722 Uvion
1357 687 1414 721 lib.
1435 695 1493 720 111.
1513 686 1615 731 Ligu.

451 748 556 782 Vitae
573 760 652 793 pag.
672 755 932 781 DeLxxxvm.

404 804 473 836 Pro
491 804 611 837 Rebus
629 804 802 837 Ecclesiae
1229 801 1288 835 lib.
1307 810 1332 834 Ι.

403 858 456 892 De
474 859 573 892 Fidei
591 859 736 893 Unitate
1226 857 1285 891 lib.
1307 866 1331 890 Ι.

406 913 574 948 Instituta
591 914 778 959 Synodalia
1226 913 1284 946 lib.
1306 922 1329 945 1.

404 969 457 1003 De
475 970 547 1003 suis
565 970 602 1003 in
620 970 807 1003 Germania
823 969 1018 1003 Laboribus
1226 969 1284 1002 lib.
1305 979 1329 1002 1.

403 1025 457 1058 De
474 1036 537 1059 sua
555 1026 650 1064 Fide,
668 1025 846 1064 Doctrina,
864 1031 899 1058 et
916 1025 1109 1070 Religione,
1230 1025 1289 1058 lib.
1309 1034 1332 1058 i.

403 1080 457 1113 De
474 1080 673 1114 Virtutibus
691 1085 725 1114 et
742 1080 859 1119 Vitiis,
877 1081 1040 1119 carmine,
1230 1081 1289 1114 lib.
1309 1089 1332 1113 1.

406 1135 439 1169 V
440 1137 491 1169 ita
507 1137 726 1179 quorundam
745 1135 950 1169 Sanctorum
1227 1137 1286 1171 lib.
1307 1146 1331 1170 Ι.

405 1189 646 1233 Epistolarum
664 1192 707 1224 ad
725 1192 881 1224 diversos
1230 1193 1288 1226 lib.
1309 1202 1333 1226 1.

405 1245 588 1278 Sermones
607 1246 740 1289 aliquot
1229 1248 1288 1282 lib.
1308 1258 1332 1283 1.

308 1301 427 1335 Vitam
445 1301 520 1346 ejus
539 1301 705 1344 scripsere
719 1301 754 1334 S.
769 1301 1003 1341 willibaldus,
1022 1308 1056 1337 et
1073 1304 1146 1347 ipse
1164 1305 1298 1344 Scotus,
1317 1316 1428 1350 nuper
1442 1307 1530 1341 bono
1549 1309 1623 1342 lite-

260 1368 378 1391 rarum
401 1356 445 1390 ab
470 1356 623 1390 Henrico
646 1356 786 1391 Canisio
810 1357 1018 1400 publicatus,
1042 1363 1077 1391 et
1099 1359 1274 1393 Othlonus
1298 1361 1482 1396 Fuldensis
1505 1374 1622 1397 mona-

260 1413 355 1451 chus,
373 1418 408 1446 et
429 1412 581 1446 Vicelius
599 1413 635 1445 in
655 1412 875 1458 Hagiologia‚
896 1413 1101 1447 Ruthardus
1120 1414 1257 1448 Rabani
1281 1416 1483 1460 discipulus,
1508 1429 1621 1453 versu.

262 1467 470 1512 Epistolaris
490 1467 648 1502 Historia
665 1469 707 1501 de
724 1469 878 1513 ejusdem
896 1469 982 1503 actis
999 1471 1092 1513 apud
1109 1470 1251 1505 Surium
1269 1477 1353 1506 tom.
1375 1482 1434 1507 111.

310 1522 431 1566 Neque
449 1528 565 1556 tamen
583 1528 644 1557 aut
662 1524 735 1557 dies
752 1529 813 1558 aut
831 1536 942 1558 annus
960 1527 1120 1570 martyrii
1139 1527 1168 1571 ej
1175 1538 1214 1560 us
1232 1533 1368 1569 certus;
1395 1541 1475 1563 nam
1494 1537 1625 1576 marty-

262 1578 384 1623 rologii
411 1579 606 1623 scriptores,
632 1579 740 1619 Beda,
766 1580 960 1620 Usuardus,
984 1581 1064 1615 Ado
1087 1582 1306 1623 Viennensis,
1330 1590 1365 1618 et
1387 1587 1446 1619 alii
1473 1595 1509 1620 V.
1527 1587 1625 1621 Junii

261 1635 464 1668 memoriam
499 1635 574 1680 ejus
609 1636 777 1675 recolunt,
813 1647 1007 1680 anonymus
1042 1643 1160 1672 tamen
1195 1646 1315 1674 auctor
1343 1642 1536 1676 Annalium
1566 1655 1627 1677 seu

263 1689 448 1723 Gestorum
467 1690 682 1724 Francorum
708 1692 745 1724 in
772 1700 823 1725 1v.
850 1693 941 1727 diem
965 1694 1123 1728 retrahit.
1175 1695 1230 1729 Ita
1255 1697 1348 1730 enim
1373 1698 1452 1731 ille:
1479 1703 1500 1717 “
1521 1699 1626 1732 Anno

265 1754 423 1778 DCCLIV.
454 1745 657 1780 Bonifacius
691 1747 965 1792 archiepiscopus
1001 1750 1283 1795 Moguntinensis
1317 1754 1487 1792 ecclesiae,
1523 1766 1626 1788 evan-

263 1801 415 1844 gelizans
433 1802 529 1847 genti
549 1802 742 1836 Fresonum
769 1804 914 1838 verbum
939 1805 1016 1845 Dei,
1039 1807 1209 1849 martyrio
1234 1814 1420 1842 coronatur
1444 1820 1535 1843 anno
1558 1812 1628 1854 epi-

263 1862 422 1898 scopatus
436 1858 491 1891 sui
506 1866 650 1891 XXXVI.
665 1859 722 1891 die
736 1867 788 1892 IV.
803 1860 931 1893 mensis
943 1860 967 1893 J
969 1861 1075 1894 unii.²'
1113 1862 1156 1895 In
1173 1874 1264 1897 anno
1282 1864 1338 1897 hic
1352 1875 1430 1898 cum
1447 1865 1628 1910 Sigeberto

264 1921 369 1953 supra
387 1913 526 1947 laudato
543 1915 716 1954 convenit,
734 1915 793 1948 sed
810 1916 847 1948 in
865 1916 919 1949 die
937 1917 1120 1961 discrepat.

313 1966 363 2000 At
389 1979 478 2001 anno
510 1977 652 2002 DCCLV.
685 1971 783 2004 illum
814 1973 983 2016 martyrio
1012 1973 1174 2007 affectum
1201 1976 1379 2009 contendit
1409 1976 1628 2011 Trithemius

266 2023 323 2055 lib.
353 2031 393 2054 11.
420 2024 462 2056 de
486 2024 648 2058 illustrib.
675 2025 752 2059 Vir.
778 2026 901 2061 Ordin.
925 2028 960 2061 S.
985 2028 1166 2063 Benedicti
1189 2040 1262 2074 cap.
1288 2041 1402 2065 XXIV.
1447 2032 1626 2067 Conradus

265 2083 355 2111 certe
389 2077 572 2118 Gesnerus,
608 2086 642 2113 et
675 2082 750 2126 ejus
784 2084 1004 2126 epitomastes
1038 2085 1152 2119 Josias
1191 2086 1368 2128 Simlerus,
1409 2089 1523 2122 nescio
1560 2102 1628 2134 quo

265 2139 414 2172 auctore,
442 2135 570 2168 vixisse
595 2137 718 2170 volunt
742 2138 785 2170 ad
810 2149 941 2173 annum
966 2150 1141 2175 DCCLVII.
1165 2143 1362 2183 manifesto,
1393 2149 1432 2178 ut
1458 2150 1554 2188 puto,
1581 2157 1631 2179 er-

265 2200 352 2221 rore.
404 2190 509 2223 Anno
529 2199 768 2227 DCCLXXXII.
787 2205 926 2237 passum
946 2198 1022 2230 vult
1043 2197 1223 2232 Cornelius
1245 2199 1415 2244 Kempius
1438 2211 1540 2244 supra
1561 2202 1633 2234 lau-

269 2245 380 2278 datus.

936 2315 958 2337 L
