1861 2682
251 217 313 246 ³313
446 220 449 225 ‘
625 218 851 249 HISTORIA
875 217 1238 250 ECCLESIASTICA

302 309 456 353 Tempus
482 314 516 342 et
541 313 635 343 aetas
661 309 802 348 incerta,
828 309 900 342 dies
919 309 1032 342 cultus
1052 318 1168 342 XXIX.
1189 309 1287 342 Maii.
1340 309 1495 344 Tabulae
1515 311 1608 345 Rhe-

251 376 395 399 menses.

694 476 890 511 GALDUS
917 476 1033 510 REX.
1085 479 1166 514 592.

252 590 427 629 GALDUS,
445 600 506 622 rex
523 589 657 622 Scotiae
675 598 761 622 XXI.
780 589 944 622 Dardano
962 589 1134 622 successit.
1171 589 1282 623 Semel
1301 590 1461 624 Romana
1478 596 1602 629 castra,

251 658 339 689 quae
366 651 462 680 trans
488 645 693 678 Bodotriam
717 645 834 678 Julius
862 644 1029 690 Agricola
1053 646 1211 684 duxerat,
1238 651 1343 680 noctu
1366 647 1518 686 adortus,
1544 658 1608 680 suo

250 704 340 735 malo
358 703 527 745 repulsus,
545 700 668 733 deinde
686 701 729 734 ab
746 702 865 734 eodem
883 701 1049 746 Agricola
1066 701 1210 735 stataria
1226 713 1345 746 pugna
1370 703 1514 742 fractus,
1541 703 1606 736 Cn.

253 757 476 796 Trebellium,
494 757 603 789 eidem
623 767 702 789 cum
720 767 857 790 summa
879 758 985 802 legati
1008 762 1178 801 potestate
1202 758 1451 798 succedentem,
1477 760 1607 802 triplici

252 814 323 846 acie
341 814 464 846 collata
487 816 700 856 superatum,
727 814 809 846 totis
833 813 1039 846 Caledoniae
1056 813 1182 847 finibus
1200 814 1326 859 exegit.
1380 815 1475 849 Haec
1493 826 1608 848 recen-

250 872 353 904 tiores
366 872 471 915 juxta
488 882 527 904 ac
544 874 677 903 veteres
694 880 811 902 rerum
829 869 1043 902 Scoticarum
1061 870 1226 913 scripsere
1243 871 1401 904 annales:
1419 882 1507 914 quae
1525 882 1608 916 ergo

250 928 401 960 amentia
419 932 470 960 est
492 926 655 971 ignobilis
682 925 823 964 Pitsaei,
849 926 910 969 qui
934 936 1012 970 pag.
1033 935 1146 958 LXXI.
1171 926 1271 959 illum
1294 927 1366 960 suis
1390 931 1608 974 annumerat,

249 994 287 1016 ac
303 983 339 1016 in
354 983 389 1015 id
404 982 567 1015 Tacitum
581 982 700 1015 laudat
711 981 727 1014 '?
755 981 813 1014 Tu
830 982 937 1014 lector
953 986 1066 1014 tecum
1085 987 1218 1025 reputa,
1238 993 1302 1027 ego
1316 982 1431 1016 Taciti
1451 983 1556 1016 verba
1570 983 1607 1015 in

250 1039 433 1084 Agricolae
458 1037 543 1071 Vita
572 1038 701 1071 affero:
730 1041 753 1057 “
778 1037 837 1070 Ad
860 1048 983 1070 manus
1011 1043 1045 1070 et
1076 1049 1174 1071 arma
1199 1039 1355 1072 conversi
1383 1038 1605 1072 Caledoniam

249 1096 435 1128 incolentes
449 1095 580 1138 populi,
592 1105 719 1139 magno
732 1099 868 1138 paratu,
884 1094 1014 1139 majore
1027 1094 1151 1127 fama.'’
1177 1094 1262 1128 Post
1273 1105 1393 1138 pauca,
1408 1094 1604 1128 ferocientis

249 1152 370 1184 militis
388 1151 547 1184 alacritas
566 1150 734 1184 fremebat
751 1150 998 1193 penetrandam
1018 1150 1261 1183 Caledoniam:
1288 1162 1392 1194 quam
1420 1162 1500 1183 vere
1524 1151 1607 1183 haec

248 1209 289 1240 ‹le
307 1208 389 1246 tuis,
405 1207 552 1246 Pitsaee‚
570 1206 776 1239 Britannis?
796 1206 874 1249 Ipse
887 1205 1017 1239 Galdus
1031 1217 1092 1239 seu
1104 1205 1276 1250 Galgacus
1290 1207 1373 1240 haec
1385 1207 1431 1240 ibi
1445 1217 1452 1239 :
1481 1211 1500 1225 ‘⁶
1515 1207 1606 1239 Nam

248 1269 282 1296 et
300 1264 454 1296 universi
472 1263 652 1296 servitutis
670 1268 827 1305 expertes
842 1263 872 1302 ;”
898 1262 1062 1295 Britanni
1080 1273 1162 1295 vero
1186 1263 1304 1301 vestri,
1324 1263 1472 1301 Pitsaee,
1494 1263 1568 1306 jam
1588 1275 1608 1295 a

248 1320 394 1352 Claudio
412 1319 558 1352 Caesare
571 1320 699 1363 jugum
718 1318 885 1351 ferebant.
923 1318 1044 1362 Pergit
1056 1318 1210 1351 Galdus:
1232 1322 1252 1337 ‘⁶
1266 1318 1483 1351 Nobilissimi
1498 1319 1606 1352 totius

247 1376 462 1413 Britanniae,
489 1386 597 1418 eoque
623 1375 659 1407 in
684 1374 769 1417 ipsis
795 1374 1029 1417 penetralibus
1053 1374 1122 1413 siti,
1148 1385 1210 1407 nec
1235 1375 1462 1407 servientium
1488 1375 1606 1407 littora

248 1432 461 1475 aspicientes,
481 1432 596 1464 oculos
615 1441 752 1474 quoque
771 1442 791 1462 a
808 1435 969 1463 contactu
986 1430 1233 1463 dominationis
1251 1430 1436 1465 inviolatos
1459 1431 1605 1463 habeba-

248 1489 357 1520 mus.⁷'
395 1487 484 1519 Ecce
503 1487 635 1519 Galdus
649 1497 691 1518 ne
705 1490 784 1518 tuae
798 1485 1012 1525 Britanniae,
1034 1486 1181 1524 Pitsaee,
1196 1486 1315 1519 littora
1327 1486 1472 1519 viderat.
1513 1485 1605 1519 Tum

248 1545 355 1576 idem:
372 1549 390 1562 ‘⁶
399 1543 472 1575 Nos
485 1543 622 1586 integri,
635 1547 669 1575 et
680 1542 872 1574 indomiti.'’
889 1541 940 1575 At
952 1547 1012 1574 tua
1020 1542 1205 1574 Britannia
1215 1543 1337 1580 lacera,
1349 1542 1493 1580 Pitsaee,
1502 1548 1535 1575 et
1549 1543 1608 1574 do-

247 1600 348 1638 mita;
369 1599 426 1631 sed
441 1599 524 1631 haec
538 1599 619 1631 audi
633 1598 676 1630 ab
690 1598 807 1630 eodem
823 1597 898 1640 ipso
913 1597 1040 1630 Galdo:
1056 1597 1317 1631 “Ostendamus
1329 1609 1415 1641 quos
1429 1599 1494 1631 sibi
1510 1598 1606 1631 Cale-

248 1656 351 1688 donia
365 1655 458 1688 viros
472 1654 696 1697 seposuerit.”
738 1653 829 1686 Vere
843 1654 885 1686 ad
899 1665 984 1691 rem,
999 1654 1079 1686 licet
1098 1653 1202 1686 verbo
1217 1654 1485 1687 contumeliosus
1500 1654 1606 1699 Agri-

248 1713 331 1749 cola,
347 1711 401 1743 cui
414 1711 585 1749 Pitsaeus,
597 1715 637 1743 ut
647 1714 744 1753 puto,
757 1709 858 1742 fidem
870 1709 1026 1742 habebit:
1047 1714 1066 1728 “
1080 1709 1111 1742 Ii
1123 1715 1338 1742 caeterorum
1353 1710 1606 1743 Britannorum

248 1767 473 1811 fugacissimi,
491 1767 636 1809 ideoque
655 1770 726 1798 tam
742 1766 803 1797 diu
816 1766 1051 1808 superstites.”
1079 1766 1188 1798 Paulo
1202 1770 1278 1808 post
1291 1766 1381 1801 idem
1396 1766 1486 1799 dux:
1505 1772 1524 1785 ‘⁵
1537 1766 1606 1799 Im-

248 1824 365 1865 ponite
379 1822 635 1866 quinquaginta
648 1822 748 1855 annis
760 1832 926 1865 magnum
941 1822 1062 1855 ‹liem.”
1090 1821 1187 1866 Ergo
1202 1822 1264 1860 tui,
1279 1822 1428 1861 Pitsaee,
1442 1822 1604 1855 Britanni

250 1889 284 1911 1„
304 1879 403 1911 annis
422 1879 600 1911 servitutis
615 1879 742 1923 jugum
761 1878 924 1915 tulerant,
943 1877 1121 1910 Caledonii
1140 1888 1218 1910 cum
1237 1876 1348 1910 Galdo
1366 1878 1500 1911 intacti.
1539 1879 1605 1911 Sed

249 1937 331 1978 quia
349 1941 387 1968 tu
407 1947 467 1968 nec
485 1935 588 1968 militi
615 1934 785 1972 Romano,
811 1945 873 1966 nec
898 1933 1083 1977 Agricolae
1109 1933 1292 1975 praefecto.
1316 1944 1378 1966 nec
1401 1935 1468 1977 ipsi
1495 1933 1605 1967 Galdo

250 1992 469 2030 credendum,
478 1991 626 2030 Pitsaee,
635 1990 825 2028 existimas,
837 1989 937 2022 fidem
951 1990 1073 2021 saltem
1083 1988 1217 2027 Tacito,
1229 1986 1300 2022 tam
1310 1991 1421 2022 veraci
1433 1991 1605 2033 scriptori,

250 2048 518 2090 haudquaquam
537 2046 740 2091 abrogabis:
769 2050 788 2064 ‘⁶
807 2044 898 2083 Quia
915 2049 1035 2078 exacta
1052 2049 1182 2078 aestate
1200 2045 1326 2078 bellum
1345 2046 1459 2090 spargi
1486 2048 1606 2090 nequi-

251 2104 319 2142 bat,
345 2104 381 2135 in
401 2103 631 2135 Horestorum
649 2101 733 2134 fines
752 2100 881 2134 ducit.”
931 2100 1000 2132 Ubi
1027 2100 1107 2133 illi?
1158 2100 1251 2134 Scoti
1277 2106 1311 2134 te
1337 2102 1508 2135 docebunt
1534 2114 1606 2135 esse

251 2159 425 2192 Marniam
438 2162 472 2191 et
482 2157 691 2202 Angusiam.
739 2156 797 2190 Ex
810 2157 863 2190 his
878 2157 1034 2200 pauculis
1048 2156 1131 2189 fides
1145 2156 1342 2201 Anglorum
1357 2158 1601 2191 hodiernorum

254 2218 288 2248 in
307 2220 426 2258 aperto
443 2219 505 2253 est,
523 2225 585 2247 nec
603 2213 736 2247 Scotiae
754 2224 823 2246 non
841 2224 943 2246 suum
962 2213 1064 2246 decus
1083 2218 1230 2246 constat.
1282 2213 1429 2258 Scripsit
1449 2214 1581 2247 Galdus

395 2271 585 2305 Conciones
604 2270 770 2303 militares
966 2270 1024 2302 lib.
1046 2279 1068 2302 1.
1121 2269 1275 2302 Tacitus.
