1861 2682
280 280 340 309 122
652 281 878 312 HISTORIA
902 281 1265 313 ECCLESIASTICA

280 382 344 404 nor
361 371 423 404 tibi
450 372 670 415 potissimum
692 383 712 404 a
735 371 810 404 Deo
836 372 1038 411 destinetur,
1065 383 1128 404 nos
1149 383 1219 404 non
1245 372 1422 415 potuimus
1444 383 1513 404 non
1537 374 1633 417 sequi

280 438 358 460 eum
376 429 412 460 in
431 440 466 460 re
484 428 573 460 tanti
592 427 758 460 momenti
776 433 966 465 vocantem,
981 432 1015 460 et
1028 427 1091 460 tibi
1105 427 1298 470 significare
1317 432 1357 460 ut
1375 428 1633 470 expeditissima

280 485 460 528 diligentia
477 485 544 516 huc
562 484 714 522 festines,
732 488 772 516 ut
790 494 938 526 pronum
962 494 1044 527 erga
1067 487 1139 515 tam
1162 482 1285 514 bonam
1310 493 1448 515 causam
1473 483 1633 516 affectum

278 541 392 582 palam
410 540 526 573 facias.
566 539 643 584 Age
662 550 743 583 ergo
761 540 920 577 viriliter,
939 539 1179 572 auctoritatem
1200 543 1294 571 tuam
1314 539 1510 581 impavidus
1530 540 1633 572 inter-

278 607 377 639 pone,
396 607 457 628 nec
475 597 640 628 honorem
659 595 722 627 tibi
741 595 895 627 debitum
914 594 988 627 Deo
1006 594 1169 626 offerente
1187 605 1306 627 recusa
1322 605 1331 633 ;
1359 595 1451 637 quod
1477 606 1538 628 nos
1565 596 1633 628 ala-

278 653 381 685 criter
399 657 432 685 te
450 652 623 684 facturum
641 651 855 687 confidimns,
874 655 907 683 et
925 654 1065 692 sperant
1084 650 1197 687 multi,
1216 655 1337 692 optant
1362 661 1490 683 omnes.
1546 650 1633 684 Vale

278 708 497 751 Edimburgo
514 708 569 739 die
588 715 687 738 XVII.
706 706 879 748 Septemb.
901 706 1190 738 MDLXXXXV1.'’
1241 706 1296 738 Ita
1314 706 1380 738 ille.

325 764 402 797 Hae
420 769 502 796 sunt
520 769 590 795 tam
609 763 685 805 piae
703 762 837 794 scholae
856 761 1081 794 Calvinianae
1099 762 1327 800 velitationes,
1352 762 1436 794 haec
1457 763 1632 805 praeclara

276 827 423 853 novatae
448 819 625 863 religionis
651 818 741 850 inter
767 817 984 849 Christianos
1007 817 1182 861 dogmata,
1209 817 1349 861 regibus
1373 829 1408 850 se
1434 819 1549 860 palam
1573 829 1632 861 op-

276 887 412 919 ponere,
447 874 708 907 multitudinem
743 874 784 905 ad
820 883 917 905 arma
950 884 1084 911 vocare,
1114 874 1287 916 principes
1318 884 1462 906 coronae
1492 875 1632 917 propin-

275 932 412 975 quiores
446 942 506 974 spe
539 930 762 962 successionis
797 929 833 961 in
868 940 989 973 regum
1024 934 1128 972 caput
1158 940 1303 967 armare,
1335 930 1561 962 conciliabula
1593 931 1631 962 il-

275 989 369 1020 licita
396 988 431 1020 in
458 987 654 1030 principum
681 986 879 1028 perniciem,
906 986 1091 1029 legumque
1120 985 1380 1018 subversionem
1409 985 1527 1018 crebro
1554 997 1633 1019 con-

273 1055 405 1082 vocare,
436 1043 679 1087 magistratum
708 1052 909 1083 supremum
940 1045 974 1073 et
1002 1045 1258 1073 sacrosanctum
1288 1052 1350 1084 per
1380 1042 1452 1074 vim
1488 1052 1632 1084 praepo-

270 1105 361 1133 stero
395 1100 534 1142 pietatis
569 1099 713 1130 obtentu
749 1098 783 1129 in
818 1098 974 1129 ordinem
1009 1097 1176 1141 redigere,
1211 1098 1345 1129 coelum
1378 1098 1521 1130 miscere
1564 1102 1632 1131 ter-

273 1168 341 1195 rae,
361 1157 476 1199 potius
495 1165 598 1198 quam
618 1155 755 1186 libidini
774 1165 855 1186 suae
877 1164 946 1185 non
971 1153 1134 1196 obsequi3
1160 1164 1230 1185 uno
1252 1153 1356 1186 verbo
1380 1154 1503 1193 dicam,
1529 1164 1630 1187 evan-

271 1213 400 1256 gelium
418 1211 503 1244 Jesu
528 1210 660 1243 Christi
687 1210 865 1242 seditionis
892 1210 1048 1252 impurae
1075 1209 1255 1242 buccinam
1273 1209 1397 1248 facere,
1417 1214 1630 1252 unctumque

271 1280 292 1301 a
312 1268 464 1301 Domino
486 1267 617 1300 nefarie
641 1267 780 1299 violare.
832 1265 955 1298 Comes
981 1265 1232 1303 Hamiltonius,
1253 1270 1293 1298 ut
1319 1269 1392 1297 erat
1418 1265 1533 1308 sagaci
1557 1265 1631 1297 ani-

270 1335 339 1363 mo,
375 1334 614 1367 propensoque
649 1323 684 1354 111
719 1332 836 1365 regem
870 1321 1044 1363 obsequio,
1084 1320 1263 1364 Majestati
1298 1331 1380 1353 suae
1415 1321 1532 1353 literas
1566 1321 1629 1353 has

269 1381 430 1418 ostendit,
465 1379 579 1412 verbis
613 1378 820 1421 quibusdam
854 1376 1034 1418 exemptis,
1069 1387 1138 1418 quo
1177 1380 1211 1408 et
1252 1387 1369 1420 regem
1412 1377 1627 1408 imminentis

270 1437 413 1479 periculi
437 1433 752 1471 connnonefaceret,
779 1443 840 1465 nec
866 1437 982 1465 tamen
1008 1433 1044 1464 in
1070 1432 1250 1464 ministros
1273 1432 1515 1470 exacerbaret3
1544 1443 1628 1475 qua-

269 1504 306 1525 re
334 1492 483 1524 Brusius
511 1490 716 1523 commotior
743 1489 909 1521 secundas
937 1488 1049 1521 denuo
1078 1489 1121 1520 ad
1151 1499 1230 1520 611111
1258 1488 1364 1526 dedit,
1393 1499 1541 1530 quarum
1572 1487 1627 1520 1116.

269 1553 386 1591 typus.

319 1609 339 1622 ‘⁶
351 1603 386 1636 N
389 1615 433 1636 on
450 1613 590 1646 possum
609 1602 693 1634 satis
711 1601 833 1634 mirari
851 1611 905 1633 me
924 1601 1064 1643 impune
1079 1605 1113 1633 et
1126 1600 1302 1633 immerito
1316 1601 1365 1633 sic
1383 1612 1401 1633 a
1417 1604 1450 1633 te
1469 1600 1602 1632 traduci
1617 1610 1626 1639 ;

269 1661 373 1693 audio
390 1661 581 1696 literarum,
600 1668 686 1701 quas
704 1658 745 1689 ad
764 1662 798 1690 te
816 1657 905 1695 dedi,
926 1657 1056 1699 copiam
1076 1661 1110 1689 te
1128 1657 1201 1700 regi
1223 1656 1349 1695 fecisse,
1368 1657 1427 1689 sed
1452 1656 1502 1688 ita
1526 1656 1627 1688 vitia-

270 1721 334 1755 tas,
353 1720 541 1753 truncatas,
561 1718 595 1746 et
612 1714 826 1752 immutatas,
842 1717 883 1745 ut
897 1714 956 1745 vix
971 1713 1127 1745 umbram
1143 1712 1271 1744 nudam
1285 1712 1462 1755 prototypi
1476 1716 1624 1744 servent.

269 1772 424 1805 Sciebam
444 1777 477 1804 te
495 1781 630 1813 semper
646 1774 773 1802 natura
787 1769 892 1801 fuisse
909 1768 1052 1806 facilem,
1066 1779 1244 1811 nunquam
1259 1772 1375 1800 tamen
1389 1772 1488 1800 antea
1504 1767 1627 1810 proba-

267 1833 340 1862 tam
359 1828 526 1861 habebam
544 1827 744 1864 levitatem3
764 1830 798 1858 et
816 1825 904 1857 mihi
922 1829 1015 1857 certo
1032 1834 1247 1867 persuasum,
1267 1828 1428 1865 nepotem
1446 1828 1548 1855 tunm
1572 1834 1626 1857 co-

266 1886 386 1918 mitem
407 1884 622 1916 Huntlaeum
648 1892 827 1925 nunquam
849 1881 912 1913 1106
934 1882 971 1913 111
996 1892 1051 1913 1116
1076 1880 1258 1912 admittere
1285 1879 1444 1918 voluisse,
1471 1879 1563 1922 quod
1587 1884 1626 1912 tu

266 1952 358 1973 nunc
376 1940 498 1973 diceris
517 1939 738 1972 commisisse.
782 1937 818 1970 Si
836 1937 944 1969 literis
963 1937 1031 1968 illis
1049 1946 1145 1968 error
1162 1935 1295 1967 causari
1314 1940 1438 1977 potest,
1457 1935 1512 1968 hic
1531 1936 1625 1968 solus

267 2002 329 2035 est,
342 1997 431 2039 quod
448 1997 485 2028 in
500 1997 552 2029 tui
570 1995 710 2027 honoris
723 1993 945 2036 praeconium
963 1991 1152 2034 impensius
1171 2002 1274 2033 quam
1290 2002 1352 2033 par
1366 1996 1439 2023 erat
1453 1992 1624 2024 calamum

266 2054 403 2095 aptavi;
424 2053 482 2084 sed
496 2053 530 2084 id
545 2051 739 2088 ambitioni,
755 2050 791 2081 in
808 2059 913 2092 quam
928 2048 1115 2091 proclivem
1130 2051 1162 2079 te
1178 2047 1337 2085 sciebam,
1350 2047 1511 2079 concessi.
1546 2047 1623 2080 Rex

265 2109 419 2152 inquiete
437 2107 685 2144 stomachatur,
704 2106 803 2148 quasi
823 2115 885 2149 ego
903 2109 937 2136 te
955 2104 1005 2136 illi
1024 2103 1256 2146 opposuerim‚
1283 2108 1344 2136 aut
1368 2115 1487 2146 parem
1515 2103 1625 2137 facere

265 2165 446 2201 voluerim,
465 2163 557 2206 quod
575 2173 656 2194 sane
674 2172 855 2204 nunquam
874 2160 960 2192 mihi
979 2160 1012 2191 in
1033 2164 1182 2192 mentem
1198 2160 1303 2198 venit,
1317 2164 1420 2202 atque
1435 2160 1468 2191 id
1484 2160 1621 2202 quidem

265 2222 328 2253 hac
346 2221 478 2253 ratione
497 2223 647 2251 tentasse
662 2216 890 2249 amentissimi
909 2220 943 2248 et
961 2216 1272 2258 imprudentissimi
1291 2216 1430 2248 fuisset:
1456 2216 1515 2248 sed
1528 2226 1623 2248 mens

263 2277 351 2310 mihi
376 2277 478 2308 unica
506 2279 539 2307 et
567 2274 782 2316 propositum
810 2277 871 2305 tua
897 2272 1103 2304 auctoritate
1129 2276 1163 2304 et
1190 2271 1309 2304 favore
1335 2282 1473 2304 causam
1500 2281 1622 2309 meam,

263 2344 350 2376 quae
368 2331 527 2364 ecclesiae
544 2329 610 2362 Dei
629 2330 814 2373 conjuncta
827 2333 889 2367 est,
904 2328 993 2361 tueri
1007 2338 1016 2366 ς
1045 2332 1148 2370 atque
1166 2327 1195 2360 is
1209 2328 1348 2370 quidem
1363 2327 1562 2359 tremendus
1573 2337 1622 2359 ec·
