1861 2682
250 268 292 299 98
624 265 850 298 HISTORIA
871 265 1235 297 ECCLESIASTICA

253 358 425 402 Apostata
451 358 610 396 Balaeus,
640 367 718 390 cum
747 366 882 399 semper
911 356 1000 388 male
1029 356 1071 388 de
1101 355 1314 389 nostratibus
1344 360 1379 388 et
1407 357 1552 389 senserit
1577 362 1608 389 et

252 414 438 458 scripserit,
472 413 564 447 hunc
593 418 710 446 tamen
740 422 804 445 suo
833 411 987 444 encomio
1020 410 1181 444 fraudare
1214 421 1285 444 non
1318 410 1495 449 sustinuit,
1530 422 1611 444 nam

253 470 409 504 centuria
430 477 514 503 X1V.
541 479 686 502 numero
709 475 792 501 LXI.
819 471 841 486 ‘⁶
858 466 1027 500 Boethius
1049 466 1085 499 in
1106 466 1202 499 omni
1224 466 1462 509 philosophiae
1482 477 1521 500 ac
1538 467 1612 500 the-

254 526 385 570 ologiae
398 525 619 559 scholasticae
632 523 828 568 cognitione
841 522 973 556 affatim
988 521 1176 555 eruditus.”
1214 520 1356 556 Centur.
1371 523 1500 561 eadem,
1514 534 1609 556 num.

254 589 395 615 Lxxxv
401 589 458 614 111.
474 585 494 600 ‘⁶
506 580 658 625 Insignis
669 579 851 612 Scotorum
864 577 1179 622 chronographus.”
1197 576 1247 610 Et
1257 578 1361 621 paulo
1371 583 1463 622 post:
1478 582 1499 597 “
1511 578 1611 623 Mag-

252 648 337 671 num
350 647 437 680 opus
450 637 492 670 de
505 635 686 669 Scotorum
699 634 889 668 Historia.”
915 633 1057 666 Centur.
1070 633 1199 673 eadem,
1210 643 1306 667 num.
1319 641 1413 667 LXV.
1425 634 1540 667 virum
1554 645 1610 667 vo-

252 699 306 726 cat
324 692 600 730 disertissimum.
652 691 727 724 Has
745 701 844 723 veras
862 689 980 723 laudes
997 688 1359 723 maledicentissimum
1378 700 1491 733 pecus,
1517 696 1550 723 et
1568 691 1610 722 de

251 749 366 793 magia
384 748 484 792 nigra
501 747 593 790 apud
610 757 690 780 suos
707 745 841 779 iVallos
858 745 1047 783 convictus,
1071 744 1211 778 infamis
1233 744 1425 779 haereticus
1445 745 1610 779 Humfre-

251 806 315 838 dus
333 804 514 847 Lhuydus,
532 802 737 836 virulentiae
755 806 859 835 vento
876 805 1019 835 conatus
1037 799 1163 840 afflare,
1181 812 1252 835 non
1265 806 1336 835 tam
1350 802 1463 847 gentis
1481 802 1609 836 odium.

252 870 355 903 quam
374 859 540 902 puerilem
559 858 737 903 ignaviam
756 858 920 901 prodidit.
973 856 1028 890 Ita
1045 857 1138 890 enirn
1154 866 1163 890 τ

545 960 677 989 Hectoris
691 959 815 988 historici
829 964 871 987 tot
885 963 953 997 quot
966 958 1111 987 mendacia
1124 959 1234 996 quaeris
1245 970 1254 993 ,·

582 1006 611 1034 Si
627 1007 669 1034 vis
682 1012 714 1034 ut
729 1015 884 1037 numerem,
898 1005 985 1034 lector
998 1004 1096 1038 amice,
1111 1005 1172 1037 tibi,

547 1051 625 1080 Idem
639 1062 684 1080 me
694 1052 794 1088 jubeas
808 1051 910 1079 fluetus
923 1059 1070 1078 numerare
1083 1051 1212 1084 marinos,

584 1098 624 1126 Et
637 1097 737 1135 liquidi
752 1097 847 1126 stellas
861 1096 1037 1125 dinumerare
1051 1096 1116 1133 poli.

252 1194 284 1227 O
309 1193 438 1227 Latina
462 1193 583 1227 Siren!
610 1193 707 1233 belle,
734 1193 854 1227 beate!
880 1203 961 1226 nam
986 1198 1228 1237 praeterquam
1254 1194 1347 1236 quod
1373 1195 1507 1227 nullum
1534 1206 1612 1228 acu-

249 1261 340 1289 men,
365 1250 478 1294 qualis
503 1250 563 1283 illa
587 1249 806 1293 cacophonia,
837 1253 859 1269 “
884 1253 937 1282 tot
963 1249 1081 1292 quot,'’
1111 1253 1187 1282 turn
1217 1248 1303 1287 illud
1332 1259 1437 1291 quam
1466 1252 1609 1293 puerile,

252 1311 272 1325 “
286 1307 392 1339 lector
405 1306 513 1339 amice
526 1305 552 1338 !”
570 1309 645 1338 tum
661 1309 682 1324 “
694 1315 884 1343 numerem,
898 1315 1093 1343 numerare,
1107 1304 1356 1343 dinumerare,”
1372 1316 1486 1339 nonne
1504 1307 1611 1339 furcis

252 1362 424 1395 Parnasso
441 1361 648 1405 exigendum
661 1360 678 1393 ἶ)
697 1361 844 1404 denique
857 1371 961 1404 quam
975 1359 1088 1393 felicia
1101 1359 1255 1403 epitheta
1273 1364 1294 1379 ‘⁶
1308 1359 1432 1394 fluctus
1447 1363 1609 1402 marinos,

251 1417 374 1461 liquidi
392 1417 461 1460 poli
477 1415 504 1448 !’'
554 1415 611 1449 Ita
627 1427 708 1449 sane
725 1427 787 1459 per
809 1427 864 1449 me
887 1427 1005 1450 omnes
1030 1416 1181 1449 scribant
1203 1415 1356 1450 Scoticae
1379 1417 1610 1450 aestimationi

251 1483 375 1516 parum
393 1471 493 1515 aequi
511 1472 733 1510 consultores,
751 1476 792 1505 ut
809 1471 892 1505 dum
909 1472 1119 1505 nostratium
1137 1472 1228 1504 veris
1241 1472 1432 1515 praeconiis
1446 1472 1609 1512 officiunt,

252 1527 447 1561 infantilem
464 1538 563 1561 suam
580 1527 791 1570 imperitiam
808 1528 967 1571 prodant.
1011 1528 1100 1562 Sane
1113 1529 1194 1562 huic
1211 1534 1283 1562 tam
1301 1529 1493 1573 impudenti
1511 1530 1610 1564 liceat

252 1594 423 1628 opponere
440 1584 550 1617 cultos
567 1583 718 1616 hominis
737 1582 817 1616 Itali
836 1593 976 1617 versus:
1002 1584 1032 1617 is
1049 1590 1101 1618 est
1118 1584 1297 1619 Latomus.

546 1692 685 1730 Quisquis
698 1692 734 1720 ad
747 1693 890 1720 tumulum
904 1694 1077 1732 obstupescis
1090 1695 1185 1727 istum,

545 1738 654 1766 Taedas
667 1743 804 1776 perpetua
818 1739 920 1767 micare
934 1739 1007 1772 luce,

547 1784 654 1812 Lucem
668 1784 812 1822 perpetuis
825 1784 921 1813 adesse
935 1785 1033 1819 taedis,

545 1831 584 1858 Et
598 1830 661 1868 quis
675 1830 714 1858 sic
730 1830 840 1862 statuit,
855 1831 933 1868 cupis
948 1831 1056 1864 docem

545 1877 625 1904 Fiat:
647 1876 692 1903 hic
706 1875 820 1904 recubat
835 1876 958 1904 Boethus
975 1877 1090 1911 Hector,

547 1922 600 1950 Ille
614 1922 662 1959 qui
676 1922 783 1959 patriae
796 1931 863 1949 suae
877 1923 1014 1955 tenebras,

545 1969 642 2005 Atque
655 1967 717 1995 illas
730 1967 843 2004 patriaS,
857 1968 947 1996 nitore
960 1968 1073 2006 linguae

547 2014 663 2041 Invecto
676 2013 786 2044 Latiae,
800 2013 910 2050 fugavit
924 2013 999 2042 ultra

548 2059 669 2096 Thylen,
684 2064 713 2086 et
727 2058 810 2086 vitrei
825 2058 927 2096 vigoris
942 2060 1057 2087 Arcton.

547 2104 714 2132 Persolvunt
729 2103 854 2132 Scotides
867 2105 946 2142 proin
962 2105 1125 2138 Camoenae,

546 2150 618 2177 Cum
632 2149 735 2186 passim
747 2149 885 2186 incipiant
898 2157 1058 2188 queantque
1072 2152 1165 2180 haberi

548 2196 697 2227 Romanae,
711 2195 824 2223 meritas
838 2205 887 2223 suo
900 2197 1009 2233 parenti

548 2241 660 2274 Grates,
674 2246 703 2268 et
717 2240 858 2268 tumulum
873 2241 970 2270 volunt
984 2243 1019 2270 ad
1033 2243 1118 2272 istum

549 2287 657 2315 Taedas
670 2292 806 2324 perpetua
819 2287 920 2315 micare
933 2287 1005 2320 luce,

548 2332 654 2361 Lucem
668 2333 811 2371 perpetuis
824 2333 919 2362 adesse
933 2334 1029 2362 taedis.
