1861 2682
623 261 794 294 GENTIS
819 259 1089 296 SCOTORUM,
1115 259 1202 291 LIB.
1224 259 1281 290 VI.
1554 260 1630 292 *291

758 408 1018 444 FUGETIUS.
1071 410 1151 442 548.

275 524 481 557 FUGETIUS
507 524 580 556 solo
607 523 746 556 nomine
771 522 857 555 mihi
884 522 1054 567 cognitus,
1084 531 1146 554 nec
1175 520 1353 564 quippiam
1384 520 1478 554 illius
1508 521 1551 554 ad
1578 532 1633 554 me

273 581 443 623 pervenit,
462 584 599 623 praeter

418 635 473 669 De
491 635 774 679 Peregrinatione
792 635 835 668 ad
853 634 947 668 Loca
964 637 1083 667 sancta
1143 632 1202 666 lib.
1223 641 1247 665 1.
1298 631 1413 666 Erant
1430 633 1522 666 enim
1540 633 1634 667 Scoti

467 691 549 724 huic
567 692 658 724 vitae
675 691 794 736 generi
814 691 913 724 valde
930 690 1070 729 addicti,
1094 693 1134 722 ut
1160 693 1212 722 est
1234 689 1271 721 in
1293 688 1480 732 Apparatu
1503 689 1546 722 ad
1571 689 1634 723 Hi-

465 748 609 781 storiam
636 747 806 780 Scoticam
832 758 905 791 cap.
935 755 990 780 1X.
1020 758 1040 779 a
1069 757 1124 779 me
1154 745 1351 789 probatum,
1382 756 1420 778 ac
1449 747 1523 779 zelo
1552 757 1636 790 quo—

465 804 545 836 dam
563 804 702 846 pietatis
720 814 826 847 supra
844 804 927 836 alias
950 807 1070 847 gentes
1094 801 1249 835 accensi:
1274 812 1366 834 unus
1388 806 1440 835 est
1461 802 1522 846 qui
1543 803 1636 836 vitu-

465 864 575 903 perat,
611 859 848 892 Theodoricus
881 859 1021 898 Aniem‚
1058 859 1132 902 ipse
1166 858 1210 891 ab
1245 857 1427 891 Hirlandis
1461 859 1635 902 deceptus,

466 916 526 959 qui
552 927 588 948 se
614 916 744 955 Scot0s‚
772 916 855 949 dum
879 915 1112 948 mendicantes
1138 914 1255 948 orbem
1280 919 1471 957 pererrant,
1496 916 1637 949 mentiri

468 974 590 1006 solent.

323 1028 473 1062 Vivebat
491 1040 582 1062 anno
602 1037 762 1062 MCLXII.
782 1029 921 1072 quando
939 1028 1036 1066 obiit,
1057 1032 1119 1060 aut
1144 1038 1213 1071 quo
1240 1027 1333 1061 vitae
1354 1038 1480 1072 genere
1498 1029 1637 1068 vixerit,

275 1096 344 1118 non
373 1085 496 1128 reperi.
560 1085 651 1118 Sunt
680 1090 798 1118 tamen
824 1085 885 1128 qui
915 1084 1117 1117 existimant
1147 1084 1357 1117 monachum
1388 1084 1495 1117 fuisse
1527 1085 1638 1118 Bene—

273 1142 444 1174 dictinum
476 1142 512 1174 in
538 1141 721 1174 Scotorum
749 1141 912 1174 coenobio
940 1139 1163 1179 Ratisbonae,
1190 1141 1250 1173 sed
1276 1140 1370 1173 haud
1395 1144 1524 1174 temere
1550 1140 1638 1174 affir-

275 1198 409 1230 marim.
460 1197 567 1230 Liber
584 1198 714 1240 prodiit
731 1196 889 1230 Venetiis
907 1207 949 1230 ex
966 1195 1176 1230 Junctarum
1200 1197 1321 1240 pre103
1349 1198 1461 1240 stylus
1485 1201 1537 1230 est
1562 1197 1638 1230 bar-

275 1254 388 1292 barus,
406 1258 447 1287 ut
465 1254 569 1287 aetati
587 1264 662 1296 par.

612 1364 635 1398 J
637 1364 778 1398 OANN
782 1364 841 1398 ES
867 1363 1158 1400 FRASERIUS.
1212 1367 1295 1403 549.

275 1479 296 1511 J
301 1486 383 1512 OAN
388 1487 414 1511 N
419 1487 464 1512 Es
483 1479 676 1517 Fraserius,
695 1489 737 1512 ex
754 1478 971 1512 nobilissima
983 1477 1117 1511 familia
1130 1478 1339 1518 Philorthia,
1352 1480 1423 1513 rari
1436 1480 1641 1524 amoenique

276 1535 418 1579 ingenii,
439 1535 582 1567 Parisiis
608 1534 669 1567 diu
687 1534 942 1577 philosophiam
968 1534 1145 1578 professus
1172 1545 1251 1568 cum
1277 1536 1399 1580 gloria,
1428 1536 1640 1570 Harcuriani

276 1591 483 1629 moderator,
525 1590 630 1624 abbas
673 1589 875 1623 Novioduni
913 1596 975 1624 aut
1007 1590 1225 1634 Compendii,
1264 1592 1301 1625 in
1339 1593 1398 1636 pio
1434 1593 1641 1637 literatoque

276 1648 347 1680 otio
365 1647 556 1680 consenuit.
607 1646 699 1691 Ejus
719 1651 816 1680 sunt:

422 1702 464 1735 In
494 1703 694 1736 universam
721 1702 923 1736 Aristotelis
952 1703 1216 1747 Philosophiam
1242 1703 1493 1739 Commentarii
1517 1706 1641 1740 doctis-

469 1760 549 1792 simi
1100 1760 1158 1793 lib.
1180 1769 1204 1793 Ι.

421 1815 688 1849 controversiae
707 1816 806 1849 Fidei
1101 1816 1160 1849 lib.
1182 1825 1206 1849 1.
1234 1818 1428 1850 vernacule.

421 1871 582 1915 Epistola
600 1873 643 1905 ad
661 1873 811 1906 nobilem
831 1872 1072 1911 Calvinistam,
1098 1883 1168 1915 qua
1194 1873 1253 1906 illa
1279 1874 1418 1918 singula
1444 1879 1642 1908 controver-

469 1929 599 1961 siarum
635 1930 750 1972 capita
788 1930 878 1962 mira
911 1929 1081 1962 brevitate
1116 1934 1150 1961 et
1189 1929 1346 1962 doctrina
1380 1930 1641 1973 incomparabili

470 1989 645 2024 retractat,
664 1996 703 2018 ac
720 1985 822 2018 offert
839 1997 875 2018 se
892 1986 929 2018 in
946 1989 1062 2028 partes
1089 1986 1181 2018 illius
1208 1986 1440 2018 transiturum
1466 1986 1534 2019 nisi
1560 1997 1642 2020 vera

471 2042 541 2074 sint
566 2047 601 2074 et
635 2042 745 2075 solida
777 2042 1038 2075 Catholicorum
1073 2041 1311 2080 fundamenta,
1348 2052 1510 2075 erroneae
1548 2053 1640 2082 vero,

472 2102 507 2130 et
525 2108 640 2130 sacrae
659 2097 858 2141 Scripturae
880 2098 1073 2131 contrariae
1096 2097 1349 2131 haereticorum
1374 2098 1557 2132 Scotorum
1579 2100 1640 2132 im-

472 2158 635 2196 posturae
653 2164 693 2186 ac
711 2154 898 2186 doctrinae.
950 2153 1113 2187 Lutetiae
1130 2155 1272 2197 prodiit,
1291 2154 1351 2188 lib.
1371 2163 1395 2186 1.

424 2210 600 2248 Poemata,
620 2210 717 2242 vario
735 2210 896 2248 carmine,
1099 2210 1158 2243 lib.
1181 2219 1204 2243 Ι.

424 2266 610 2299 Orationes
629 2266 930 2309 eloquentissimae
1100 2267 1159 2299 lib.
1181 2276 1204 2299 Ι.

327 2323 424 2355 Obiit
436 2321 596 2355 Lutetiae
610 2323 685 2366 ipso
700 2321 878 2354 Paschatis
891 2322 956 2360 die,
969 2333 1046 2355 cum
1059 2323 1132 2365 ipse
1144 2334 1260 2356 mense
1272 2328 1345 2356 toto
1358 2329 1459 2356 antea
1471 2324 1638 2368 languens
