1861 2682
262 232 323 264 176
636 232 860 263 HISTORIA
885 232 1246 264 ECCLESIASTICA

265 325 343 357 dius
362 324 567 357 Cortozetus
593 334 666 366 cap.
686 332 755 355 VII.
782 322 905 364 Antiq.
933 323 1118 355 Parisiens.
1144 335 1223 367 pag.
1252 331 1346 355 XLV.
1374 321 1474 355 Paul.
1502 323 1620 357 Meru-

265 381 299 412 la
332 379 582 424 Cosmograph.
617 382 706 421 part.
739 386 780 410 11.
816 377 874 410 lib.
908 386 966 409 ΙΙΙ.
1001 388 1073 420 cap.
1110 387 1195 409 XXI.
1236 379 1271 410 id
1313 377 1497 421 contigisse
1531 390 1621 411 anno

267 444 459 468 DCCLXXI,
491 435 615 467 Franc.
644 433 859 466 Belforestus
890 437 1010 465 auctor
1042 443 1119 476 pag.
1154 441 1298 464 LXXXI.
1333 433 1392 464 sed
1425 444 1545 466 vereor
1578 445 1622 465 ne

266 502 342 524 cum
362 502 476 524 errore
495 499 563 522 XX.
583 500 764 522 annorum.
785 488 906 532 Neque
924 488 1031 530 probo
1048 487 1245 520 Zabarellae
1263 488 1457 526 cardinalis,
1480 498 1541 522 aut
1559 489 1622 521 Pe-

266 547 311 579 tri
330 546 532 579 Anchorani
550 545 583 578 J.
603 544 642 578 C.
661 545 880 582 sententiam,
906 544 966 586 qui
985 543 1194 575 academiam
1219 543 1449 576 Parisiensem
1475 549 1622 577 erectam

267 603 390 634 volunt
419 602 462 634 ad
493 601 567 645 ejus
599 612 687 644 quae
712 601 786 644 jam
818 600 949 632 Romae
976 603 1050 631 erat
1075 598 1313 642 archetypum,
1339 610 1417 631 cum
1445 611 1484 632 eo
1510 601 1623 632 seculo

267 668 384 690 omnes
402 658 522 690 literae
546 657 696 694 silerent,
722 666 832 698 neque
857 656 928 687 ulla
953 654 1081 696 publici
1103 654 1194 698 juris
1220 655 1346 687 schola.
1398 655 1450 688 De
1476 655 1623 688 Claudio

268 713 484 745 Trithcmius
502 713 543 744 de
566 711 799 753 Scriptoribus
826 709 1097 742 Ecclesiasticis:
1125 714 1145 728 ‘⁵
1163 710 1329 743 Claudius
1356 711 1545 744 monachus
1569 722 1623 743 or-

267 769 357 801 dinis
376 768 492 801 Sancti
512 767 701 804 Benedicti,
720 766 908 808 discipulus
927 766 1100 808 quondam
1120 765 1234 798 Bedae
1252 767 1288 798 in
1306 766 1446 811 Anglia,
1473 772 1507 799 et
1525 768 1623 799 colle-

268 825 317 868 gii
335 824 456 856 Albini
474 823 598 855 levitae
617 830 650 855 et
669 822 813 860 abbatis,
833 822 973 854 natione
991 821 1124 860 scotus,
1143 822 1198 854 vir
1224 821 1259 854 in
1286 822 1414 854 divinis
1441 823 1622 865 scripturis

268 880 367 912 valde
401 879 577 912 studiosus
612 883 646 911 et
680 878 846 915 eruditus,
882 882 915 909 et
950 878 1111 910 secularis
1147 877 1322 910 doctrinae
1357 880 1426 910 no'n
1466 878 1621 922 ignarus,

268 936 419 968 carmine
437 935 645 967 exercitatus
663 938 697 966 et
714 934 847 977 prosa.”
891 933 1060 966 Extrema
1079 934 1202 965 deinde
1219 938 1355 966 senecta
1372 934 1415 966 ob
1433 934 1623 976 sapientiae

267 1002 437 1025 summam
467 991 662 1033 opinionem
690 994 824 1022 creatus
851 994 903 1022 est
928 990 1107 1032 episcopus
1140 989 1443 1022 Altissiodorensis
1476 990 1512 1022 in
1543 989 1624 1022 Gal-

268 1049 315 1080 lia
348 1058 439 1080 anno
474 1055 636 1079 DCCLXI.
670 1050 711 1078 ut
744 1050 905 1078 numerat
938 1044 1178 1077 Demochares.
1213 1044 1345 1078 Anton.
1381 1045 1522 1078 Possev.
1554 1045 1626 1088 Ap-

268 1108 378 1147 parat.
405 1103 498 1135 Sacr.
525 1106 608 1134 tom.
638 1111 661 1134 1.
693 1112 770 1145 pag.
802 1109 962 1133 CCCXXI.
990 1105 1010 1118 ‘⁶
1033 1100 1077 1132 D.
1105 1100 1290 1133 Claudium
1316 1100 1457 1133 Scotum
1482 1100 1623 1133 Alcuini

269 1160 433 1203 collegam
441 1158 478 1191 in
489 1158 666 1191 fundanda
678 1157 851 1189 academia
865 1157 1072 1189 Parisiensi⁷'
1086 1161 1201 1195 vocat3
1217 1162 1250 1189 et
1265 1161 1284 1174 ‘⁶
1296 1157 1493 1199 episcopum
1506 1165 1623 1189 XXXI.

269 1214 616 1248 Altissiodorensem⁷’
635 1217 735 1246 vocat
752 1212 898 1245 Arnold.
918 1212 1036 1244 Uvion
1059 1213 1095 1244 in
1120 1213 1294 1256 adjunctis
1320 1213 1363 1245 ad
1390 1213 1544 1256 Lignum
1564 1211 1624 1245 Vi-

268 1276 333 1303 tae.
370 1270 552 1303 Successor
577 1269 730 1307 Gissiani,
756 1269 912 1300 decessor
934 1267 1064 1300 Adulfi.
1109 1267 1304 1300 Chronicon
1332 1267 1624 1300 Altissiodorense

269 1327 432 1369 anonymi
458 1337 479 1358 a
504 1325 648 1358 Nicolao
675 1324 844 1356 Camuzat
870 1324 999 1355 editum
1026 1334 1104 1367 pag.
1136 1331 1262 1355 LXVII.
1295 1328 1315 1342 “
1333 1323 1493 1356 Scotum”
1525 1329 1623 1356 vocat

270 1384 396 1415 diserte
417 1380 651 1425 Sangaliensis
669 1379 856 1411 monachus
874 1379 931 1411 lib.
952 1388 974 1410 Ι.
993 1379 1033 1410 de
1060 1378 1154 1411 Gest.
1183 1378 1297 1411 Caroli
1318 1379 1453 1423 Magni,
1483 1384 1503 1397 ‘⁵
1521 1380 1556 1411 in
1575 1390 1625 1412 se·

270 1438 443 1472 cularibus
462 1442 496 1469 et
513 1437 549 1468 in
567 1436 672 1468 sacris
691 1435 880 1477 disciplinis
903 1435 1217 1477 incomparabiliter
1239 1435 1447 1467 eruditum.⁷’
1498 1434 1547 1467 Et
1573 1435 1625 1467 in-

270 1495 311 1526 de
334 1494 448 1536 prima
469 1492 574 1525 editio
596 1491 844 1524 Commentarii
870 1491 906 1522 in
932 1489 1109 1533 Epistolas
1136 1490 1236 1522 Pauli
1262 1491 1306 1522 ad
1335 1489 1476 1522 Galatas
1502 1501 1626 1533 procu-

270 1555 346 1583 rata
379 1560 421 1581 ex
455 1548 612 1582 biblioth.
649 1547 744 1579 Petri
780 1546 959 1579 Pesselieri
994 1546 1190 1578 coenobitae
1224 1545 1537 1585 Altissiodorensis,
1569 1548 1624 1579 cui

270 1605 422 1648 praefixa
438 1605 521 1637 haec
539 1608 638 1636 erant
653 1612 661 1634 z
688 1607 708 1620 “
726 1602 864 1635 Claudii
883 1602 1058 1645 Episcopi,
1087 1601 1228 1634 Alcuini
1246 1602 1431 1644 quondam,
1458 1613 1542 1643 cum¹
1559 1602 1623 1634 sub

272 1661 458 1694 venerabili
470 1660 657 1696 Beda,tum
672 1659 708 1691 in
719 1658 921 1690 fundatione
935 1658 1128 1690 academiae
1138 1657 1340 1689 Parisiensis
1351 1658 1509 1702 collegae,
1522 1657 1624 1690 Com-

271 1717 463 1749 mentm-iis
514 1715 666 1759 Elegans
684 1718 736 1746 est
753 1714 989 1746 testimonium
1008 1715 1049 1745 de
1067 1714 1131 1746 hoc
1156 1720 1190 1745 et
1215 1713 1334 1745 multis
1359 1713 1436 1745 aliis
1463 1714 1624 1746 nostrati—

272 1774 336 1805 bus
370 1773 461 1815 apud
496 1771 645 1804 Paulum
679 1769 855 1813 Langium
889 1770 1094 1802 monachum
1138 1768 1409 1802 Bosnaviensem
1445 1770 1481 1801 in
1516 1769 1624 1802 Chro-

272 1829 348 1861 nico
366 1827 532 1860 Citizensi
552 1826 594 1858 ad
612 1825 732 1858 finem:
762 1830 781 1843 ‘⁵
800 1825 836 1857 Si
855 1826 986 1858 ordinis
1013 1826 1122 1858 nostri
1149 1825 1259 1857 sancti
1278 1831 1311 1856 et
1330 1825 1545 1857 devotissimi
1563 1836 1623 1868 pa-

273 1889 342 1916 tres
360 1883 606 1920 Columbanus,
632 1880 764 1919 Gallus,
791 1882 965 1920 Kilianus,
992 1881 1203 1919 Bonifacius‚
1232 1879 1491 1919 lVillibrordus,
1518 1881 1625 1914 Ludi-

273 1951 386 1983 gerus,
413 1944 446 1971 et
464 1949 573 1981 pareS,
602 1938 674 1970 suis
700 1938 736 1969 in
761 1938 978 1969 monasteriis
1002 1936 1217 1974 resedissent,
1244 1937 1321 1979 quis
1347 1935 1623 1975 Austrasiorum,

273 1996 350 2037 quis
368 1994 593 2031 Francorum,
612 1994 689 2035 quis
709 1992 899 2030 Gallorum,
918 1992 1148 2029 Baiaiiorum,
1166 1990 1437 2030 Vindelicorum,
1452 1991 1625 2036 Doringo-

273 2061 362 2088 rum,
381 2049 568 2087 Saxonum,
590 2049 791 2086 Hessorum,
810 2047 995 2080 Frisonum
1014 2052 1133 2090 gentes
1153 2047 1196 2079 ad
1215 2046 1346 2079 Christi
1365 2047 1466 2080 fidem
1484 2058 1625 2080 conver-

275 2105 394 2138 tisset?
408 2105 444 2137 Si
454 2105 601 2147 denique
608 2104 738 2136 ordinis
750 2104 859 2136 nostri
872 2103 1171 2145 praestantissimi,
1181 2104 1382 2145 praesertim
1391 2102 1624 2147 Augustinus,

275 2161 441 2199 Mellitus,
462 2165 496 2192 et
513 2159 535 2191 J
538 2165 648 2198 ustus,
667 2159 783 2203 magni
802 2158 961 2202 Gregorii
979 2170 1086 2201 papae
1105 2159 1275 2201 discipuli,
1294 2169 1311 2191 c
1328 2158 1514 2201 Alquinus,
1535 2158 1624 2203 [cor-

274 2221 386 2259 rupte,
399 2216 582 2260 legendum
597 2216 688 2247 enim
708 2219 770 2253 est,
790 2212 821 2246 si
831 2212 1038 2257 Alcuinus,]
1056 2215 1083 2246 si
1097 2214 1202 2253 Beda,
1215 2214 1391 2252 Rabanus,
1406 2214 1539 2252 Strabo,
1552 2213 1627 2246 Ma-

273 2273 402 2310 rianus,
416 2272 592 2309 Claudius,
605 2271 823 2309 Lambertus,
836 2275 870 2303 et
881 2271 1009 2303 similes
1022 2270 1115 2303 domi
1127 2270 1344 2309 mansissent,
1356 2271 1434 2313 quis
1447 2269 1624 2313 Angliam,
