1861 2682
583 267 753 299 GENTIS
778 265 1047 304 SCOTORUM,
1073 266 1160 297 LIB.
1185 266 1210 297 Ι.
1533 267 1573 296 33

411 359 590 404 tychianos
608 360 794 398 collectam,
1034 358 1092 391 lib.
1113 367 1137 391 1.

263 416 362 450 Obiit
379 416 551 449 confessor
564 426 654 448 anno
668 423 836 448 eDLV111.
850 425 940 448 anno
953 413 988 446 S.
1004 413 1131 446 Leonis
1146 412 1173 446 I.
1193 421 1280 446 XIX.
1295 415 1461 456 regnante
1478 415 1569 455 apud

216 472 335 505 Scotos
354 471 513 516 Eugenio
532 471 578 504 11.
603 471 808 504 Translatae
825 470 959 504 Salinas
982 469 1147 512 reliquiae
1170 469 1309 502 sedente
1333 467 1449 501 Leone
1466 467 1568 501 VIII.

216 532 382 572 regnante
401 527 437 560 in
454 527 569 561 Scotia
588 526 773 570 Indulpho.

733 693 943 727 ALANUS.
995 695 1052 726 44.

211 806 391 846 ALANUS,
417 807 596 850 episcopus
619 805 855 845 Cathenesiae,
881 805 1015 838 Scotiae
1038 805 1261 838 cancellarius
1287 805 1330 838 ab
1354 804 1520 839 Eduardo
1539 805 1566 838 Ι.

211 862 362 907 Angliae
379 874 459 907 rege
477 863 655 906 tyrannice
678 862 845 899 intrusus,
869 860 961 894 facta
987 862 1150 894 electione
1173 872 1234 904 per
1256 860 1426 894 Joannem
1450 861 1569 894 Cumi-

211 929 295 951 num
313 923 347 951 et
364 918 386 950 J
388 918 533 951 acobum
551 918 742 955 Stuartum‚
760 917 821 960 qui
839 917 942 950 nimis
961 916 1130 961 Anglicae
1147 916 1289 950 factioni
1308 917 1446 950 addicti.
1500 917 1567 950 Hic

210 984 313 1017 porro
330 984 372 1006 ex
389 973 497 1018 Angli
522 974 637 1017 potius
660 973 849 1011 commodo,
872 983 977 1015 quam
999 973 1133 1014 patriae
1156 983 1272 1005 amore
1295 976 1356 1005 aut
1378 972 1508 1005 honore
1531 984 1566 1005 se

209 1030 316 1073 gessit
334 1030 370 1062 in
389 1029 499 1067 initio,
517 1033 635 1072 postea
652 1033 768 1062 tamen
786 1028 941 1070 resipuit,
960 1032 995 1061 et
1008 1028 1051 1061 ad
1066 1029 1242 1061 meliorem
1256 1032 1407 1061 mentem
1421 1028 1566 1066 rediens,

209 1084 391 1118 Stuartum
415 1096 434 1118 a
457 1084 606 1117 factione
629 1084 824 1128 Anglicana
846 1084 1002 1122 retraxit,
1026 1089 1061 1116 et
1083 1084 1181 1128 regni
1205 1084 1307 1116 decus
1332 1083 1414 1116 totis
1433 1083 1565 1116 viribus

209 1141 418 1182 procuravit,
443 1145 483 1172 ut
504 1144 648 1182 apparet
671 1150 713 1172 ex
735 1139 906 1182 operibus,
930 1150 1078 1182 quorum
1103 1140 1215 1182 apices
1239 1139 1276 1171 in
1300 1138 1467 1183 Catalogo
1484 1138 1566 1172 Dei-

208 1195 298 1227 rensi
318 1199 515 1237 supersunt,
535 1199 579 1232 et,
597 1201 638 1227 ut
655 1195 826 1233 existimo,
844 1195 936 1237 apud
954 1194 1227 1228 illustrissimum
1245 1195 1405 1228 comitem
1420 1194 1565 1227 Martia-

207 1250 273 1283 lem
291 1251 327 1282 in
345 1250 552 1283 bibliotheca
569 1249 744 1282 Dunotria
761 1254 892 1282 extant.

353 1305 463 1348 Super
482 1304 679 1349 Regalitate
696 1304 842 1337 Roberti
854 1304 974 1337 Brusii
1122 1306 1181 1339 lib.
1203 1315 1228 1338 1.

352 1360 531 1405 Epistolae
548 1360 591 1393 ad
610 1359 803 1393 Robertum
817 1359 889 1392 Ros
906 1360 965 1393 lib.
982 1369 1006 1392 1.
1026 1360 1095 1393 Hic
1108 1361 1151 1393 ab
1164 1360 1281 1405 Anglo
1294 1362 1427 1404 primus
1443 1362 1563 1395 nobili-

398 1428 458 1449 um
480 1416 614 1454 defecit,
637 1420 672 1448 et
693 1415 961 1460 Rokesburgum
984 1416 1096 1449 tenuit
1118 1421 1253 1448 armata
1274 1427 1391 1455 manu,
1414 1417 1563 1462 Anglos—

399 1483 466 1516 que
484 1473 526 1506 ad
550 1472 816 1505 internecionem
840 1471 978 1510 delevit,
1001 1477 1042 1505 ut
1064 1476 1221 1505 auctores
1245 1477 1326 1505 sunt
1350 1472 1515 1506 Trivetus
1530 1478 1564 1506 et

399 1528 634 1573 Abingtonus‚
654 1538 716 1561 nec
734 1527 913 1561 Caxtonus
930 1528 1103 1561 dissentit.

255 1585 401 1618 Creatus
428 1588 480 1617 est
504 1584 726 1617 cancellarius
753 1592 825 1616 XII.
851 1582 951 1617 Junii
977 1594 1067 1616 anno
1093 1583 1215 1617 salutis
1243 1592 1409 1617 MCCXCI.
1442 1584 1562 1617 Holin-

206 1641 332 1674 shedus
350 1651 428 1685 pag.
450 1647 610 1673 Decem.

709 1752 949 1785 AUMINUS.
1002 1754 1057 1785 45.

207 1865 399 1899 AUMINUS
418 1865 579 1904 Keldeus,
600 1870 634 1898 et
652 1864 860 1898 Keldeorum
886 1864 1030 1897 ultimus
1055 1864 1281 1907 praepositus.
1333 1864 1423 1897 Sunt
1446 1870 1560 1898 autem

207 1920 339 1959 Keldei,
378 1932 438 1954 seu
471 1921 604 1959 Culdei‚
638 1921 705 1954 viri
739 1921 788 1964 pii
822 1921 1005 1953 sanctitate
1038 1920 1201 1959 illustres,
1235 1931 1322 1963 quos
1357 1921 1468 1963 patria
1503 1932 1562 1954 vo-

206 1987 242 2007 ce
271 1976 320 2008 sic
349 1976 522 2015 dixerunt,
553 1976 653 2019 quasi
683 1976 748 2009 Dei
779 1977 938 2014 cultores,
968 1981 1008 2008 ut
1038 1976 1074 2008 in
1101 1976 1285 2019 Apparatu
1316 1975 1449 2009 Scotico
1479 1988 1558 2022 pag.

207 2038 342 2063 CXLVI.
370 2030 444 2063 Hos
470 2031 603 2069 Graeci,
629 2036 670 2064 ut
695 2031 867 2070 existimo,
899 2031 1138 2075 Therapeutas
1169 2037 1348 2065 vocarunt.
1379 2032 1561 2066 Bellarmi-

207 2097 272 2119 nus
290 2086 472 2118 cardinalis
490 2097 532 2119 ex
550 2086 706 2119 Philone.
759 2086 814 2119 Sic
831 2086 866 2120 S.
882 2086 1023 2120 Marcus
1037 2088 1135 2120 audit
1148 2087 1278 2120 Euseb.
1292 2088 1350 2120 lib.
1367 2097 1408 2120 11.
1427 2099 1456 2120 c.
1477 2097 1559 2121 xvi.

206 2142 385 2174 Sozomen.
414 2141 471 2174 lib.
500 2150 523 2174 1.
550 2153 622 2185 cap.
651 2151 722 2175 ΧΠ.
761 2142 981 2186 Epiphanius
1008 2143 1153 2176 Haeresi
1180 2152 1249 2176 xx.
1287 2143 1472 2177 Cassianus
1501 2145 1558 2177 lib.

208 2206 248 2229 11.
264 2196 385 2230 Collat.
398 2207 470 2239 cap.
485 2205 550 2229 XV.
588 2197 684 2230 Beda
695 2197 839 2240 praefat.
853 2199 896 2231 ad
911 2198 1081 2232 Marcum.
1117 2199 1243 2233 Petrus
1257 2199 1413 2243 Equilin.
1429 2200 1487 2233 lib.
1505 2208 1558 2232 Ix.

206 2263 279 2296 cap.
313 2261 391 2285 (ἸΧ.
429 2253 537 2286 Penes
569 2253 642 2291 hos,
674 2253 716 2286 ab
746 2253 846 2287 initio
875 2259 1030 2297 receptae
1059 2255 1148 2294 fidei,
1178 2256 1292 2289 stabat
1322 2256 1558 2298 episcoporum

875 2318 896 2341 F
