1861 2682
887 271 924 308 vi

236 389 315 428 que
335 374 486 420 literae,
507 378 548 412 et
568 371 813 411 incredibilis
828 371 1045 410 memoriae
1059 371 1299 423 magnitudo
1315 371 1576 410 confecerat.”

237 439 293 477 Et
313 436 449 489 paucis
470 434 741 487 interpositis:
771 439 791 456 ‘⁶
810 433 891 476 Qui
911 433 1088 485 quidem,
1108 434 1140 472 si
1160 434 1303 472 aetatis
1330 433 1432 472 ratio
1457 433 1578 472 habe-

236 506 337 546 atur,
376 498 559 537 celeriter
596 497 679 535 vita
716 495 911 549 spoliatus
949 495 1128 541 interiit;
1176 496 1208 534 si
1246 494 1408 547 gloriae,
1453 509 1575 547 quam

235 563 405 614 adeptus
431 566 501 607 est,
528 559 767 611 magnitudo
793 563 1007 610 spectetur,
1033 557 1260 596 diutissime
1289 558 1412 602 vixit3
1443 557 1576 602 immo,

234 636 446 675 nunquam
484 622 714 668 moriturus,
751 634 824 673 per
871 620 1053 658 omnium
1101 620 1283 658 vivorum
1330 633 1400 658 ora
1437 618 1579 658 volita-

234 687 330 725 bit.”

290 746 473 786 Plurima
503 745 669 798 quidem
698 744 908 796 scripserat
940 743 1216 796 Dempsterus,
1248 744 1309 782 vir
1340 743 1493 783 scilicet
1518 758 1578 783 re-

235 809 420 849 conditae
455 807 705 854 eruditionis,
740 812 780 846 et
813 805 1037 844 indefessae
1075 805 1335 857 diligentiae:
1378 807 1577 858 quaedam

235 874 322 925 ejus
342 884 473 923 opera,
495 870 646 922 quippe
666 882 769 921 quae
790 882 1000 920 nunquam
1021 869 1129 920 typis
1155 869 1356 915 mandata,
1382 868 1447 907 vel
1476 874 1578 907 tem-

234 934 342 987 poris
376 932 525 985 injuria
557 931 778 984 perierunt,
810 930 873 968 vel
908 931 950 968 in
990 929 1188 969 Italorum
1222 929 1477 969 bibliothecis
1511 931 1579 969 ad-

234 997 316 1035 huc
341 994 596 1040 delitescunt,
621 992 698 1031 alia
721 998 859 1031 autem
882 991 1013 1030 multa
1039 993 1082 1030 in
1109 1006 1177 1031 ore
1205 999 1417 1031 versantur
1446 993 1579 1031 erudi-

235 1066 381 1103 torum,
421 1062 463 1095 et
493 1070 641 1094 nomen
680 1057 766 1107 ejus
804 1054 1032 1106 posteritati
1071 1055 1367 1092 commendant.
1439 1054 1579 1092 Musas

234 1119 481 1159 amoeniores
501 1132 582 1156 non
603 1117 780 1168 segniter
799 1115 977 1159 colebat;
999 1121 1040 1154 et
1055 1129 1102 1154 eo
1122 1115 1287 1167 quidem
1308 1115 1441 1155 seculo
1460 1130 1579 1155 nemo

233 1184 316 1221 fere
337 1181 563 1220 doctiorum
584 1180 663 1217 fuit
684 1179 754 1230 qui
776 1178 953 1217 carmina
978 1177 1125 1216 Latina
1153 1191 1235 1215 non
1261 1184 1480 1229 pangeret;
1512 1193 1579 1217 ne-

233 1258 313 1296 que
345 1243 392 1289 ei,
419 1242 558 1295 judice
584 1240 805 1286 Borrichio,
829 1240 960 1278 defuit
990 1240 1100 1278 dives
1130 1240 1224 1278 satis
1251 1253 1362 1278 vena.
1421 1240 1578 1292 Nempe

234 1306 434 1358 professor
450 1305 525 1342 iste
542 1303 789 1348 Hafniensis‚
814 1302 1158 1340 Dissertationum
1178 1301 1511 1340 Academiearum
1531 1303 1581 1340 de
1632 1318 1637 1321 ·

235 1368 371 1406 Poetis
399 1381 436 1419 p.
461 1370 547 1404 151.
606 1371 626 1387 ⁴⁶
646 1364 744 1403 Plus
771 1370 906 1402 tamen
933 1364 1042 1415 genii
1068 1363 1215 1415 poetici
1242 1364 1578 1416 amoenitatisque

235 1430 367 1469 elucet
396 1429 438 1466 in
473 1427 644 1466 heroicis
679 1426 861 1464 Thomae
892 1426 1124 1477 Dempsteri
1158 1426 1276 1464 Scoti.
1344 1426 1435 1464 Jam
1470 1427 1577 1465 enim

234 1492 388 1544 nuptiis
416 1490 609 1528 Perthani
641 1489 799 1527 comitis
824 1487 1038 1540 praeludit,
1062 1489 1146 1539 jam
1176 1488 1398 1540 panegyrin
1427 1488 1578 1526 Jacobo

235 1554 318 1606 regi
342 1552 520 1597 molitur,
543 1554 626 1604 jam
654 1551 754 1589 vatis
784 1550 920 1588 induit
948 1563 1183 1601 personam;
1214 1556 1274 1588 est
1302 1550 1371 1588 ubi
1394 1550 1579 1589 funebria

236 1622 360 1661 curat,
381 1621 441 1653 est
461 1615 531 1652 ubi
551 1613 815 1666 genethliaca,
844 1612 912 1650 ubi
942 1612 1211 1664 protreptica:
1240 1611 1460 1663 aliquando
1486 1613 1580 1651 deo-

236 1692 326 1717 rum
346 1676 562 1730 gentilium
584 1674 929 1727 multiplicitatem
950 1675 1028 1712 acri
1050 1674 1155 1726 stylo
1184 1674 1376 1713 confodit.
1432 1675 1510 1712 Sed
1539 1682 1577 1713 et

237 1738 500 1792 extemporali
533 1739 575 1776 in
608 1744 853 1776 rectoratum
887 1736 1062 1774 Vassorii
1096 1742 1226 1775 metro
1260 1736 1355 1774 satis
1388 1736 1505 1775 docet
1539 1744 1578 1775 et

237 1809 379 1841 natum
401 1815 440 1840 se
462 1814 544 1840 esse
571 1800 634 1838 his
661 1800 816 1845 studiis,
844 1804 885 1837 et
911 1798 1170 1836 innutritum.
1229 1798 1442 1837 Praetereo
1467 1799 1581 1837 Mus-

238 1879 322 1904 cam
345 1866 441 1916 ejus,
460 1862 644 1915 lepidum
666 1875 838 1907 carmen,
859 1861 929 1899 sed
948 1875 1029 1899 non
1050 1861 1271 1906 indoctum,
1293 1866 1335 1898 et
1355 1860 1396 1899 in
1417 1875 1499 1912 quo
1515 1875 1579 1899 eas

238 1929 503 1978 Dempsterus
528 1925 701 1977 signavit
727 1923 863 1969 lineas,
890 1936 993 1975 quae
1019 1936 1184 1960 manum
1210 1922 1448 1974 Appelleam
1475 1922 1580 1962 clare

238 1991 473 2028 testentur.’'
533 1987 747 2038 Leguntur
773 1985 929 2037 aliquot
958 1986 1044 2036 ejus
1071 1984 1247 2022 carmina
1273 1984 1379 2022 inter
1410 1985 1581 2023 Delitias

239 2053 458 2090 Poetarum
478 2050 699 2094 Scotorum,
720 2054 815 2086 tom.
836 2047 860 2084 i.
888 2061 925 2098 p.
947 2047 1036 2092 306,
1063 2046 1133 2084 sed
1159 2045 1237 2084 alia
1262 2046 1392 2085 multa
1418 2061 1581 2099 quoque

240 2113 407 2165 scripsit.
465 2111 610 2149 Latine
641 2109 764 2148 vertit
789 2109 981 2147 Cerasum
1009 2114 1050 2146 et
1074 2108 1259 2146 Silvestre
1287 2109 1483 2156 Prunum,
1517 2122 1581 2148 ve-

240 2181 408 2214 nustum
425 2171 695 2224 Mongomerii
713 2184 883 2216 carmen,
900 2170 1010 2222 quod
1026 2183 1181 2221 semper
1196 2170 1238 2208 in
1254 2169 1408 2209 deliciis
1427 2171 1579 2209 habuit.

241 2239 384 2276 Poetas
404 2241 557 2274 veteres
583 2234 657 2272 sibi
684 2232 943 2271 illustrandos
969 2246 1132 2283 quoque
1158 2233 1339 2284 sumpsit.
1396 2232 1582 2271 Claudia-

240 2313 339 2338 num
360 2297 484 2337 semel
505 2303 629 2348 atque
648 2295 798 2334 iterum
819 2294 1005 2333 tractavit
1021 2310 1028 2339 ;
1050 2294 1201 2333 namin
1217 2293 1412 2333 librorum
1428 2295 1581 2347 propri-
