1861 2682
575 268 745 299 GENTIS
770 268 1040 307 SCOTORUM,
1066 269 1153 300 LIB.
1179 270 1240 300 III.
1528 273 1588 302 145

227 360 364 406 (licitur,
396 361 643 393 monasterium
668 365 918 400 construxerat,
946 362 983 394 in
1007 361 1145 394 Italiam
1172 362 1312 394 veniens
1339 374 1359 395 a
1385 362 1586 407 Longobar-

228 417 350 449 dorum
379 427 459 459 rege
486 416 678 449 Adoloaldo
709 421 888 461 gratanter
913 422 1075 460 exceptus
1102 422 1164 456 est,
1195 418 1467 461 coenobiumque
1493 420 1584 461 quod

227 471 377 504 Bobium
397 473 600 514 appellatur,
619 473 654 504 in
679 471 828 515 Alpibus
853 473 979 506 Cottiis
1004 473 1208 512 aedificavit,
1235 475 1326 517 quod
1353 475 1585 518 quadraginta

225 528 377 560 millibus
395 528 438 560 ab
456 528 540 560 urbe
551 528 722 560 dividitur
736 528 911 561 'sicinensi
926 540 934 568 3
954 541 1023 572 quo
1040 531 1113 562 loco
1128 534 1162 562 et
1176 531 1305 562 multae
1319 531 1551 573 possessiones
1566 542 1584 562 a

224 584 371 627 singulis
396 584 610 626 principibus
633 585 705 616 sive
730 584 968 628 Longobardis
992 586 1137 630 largitae
1163 591 1255 624 sunt,
1282 591 1316 618 et
1341 597 1468 630 magna
1493 586 1583 618 facta

224 642 276 671 est
294 640 341 671 ibi
360 640 606 672 monachorum
625 641 876 684 congregati0.’'
926 641 999 674 Nec
1017 642 1177 674 dissentit
1196 641 1490 686 Martyrologium
1514 642 1585 675 Ro-

224 705 365 727 manum
385 704 470 727 XXI.
490 694 718 728 Novembris:
746 696 826 729 “In
850 698 1058 730 monasterio
1077 697 1241 730 Bobiensi
1266 698 1435 740 depositio
1461 699 1496 731 S.
1520 698 1583 731 Co-

224 751 377 783 lumbani
408 751 552 788 abbatis,
583 752 643 793 qui
668 753 856 784 multorum
883 754 1125 786 coenobiorum
1151 754 1326 793 fundator,
1352 755 1582 797 plurimorum

223 807 469 840 monachorum
498 809 615 840 extitit
644 814 752 851 pater,
781 810 968 852 multisque
993 810 1182 842 virtutibus
1208 811 1319 842 clarus
1346 811 1383 842 in
1409 816 1583 843 senectute

225 864 314 896 bona
331 864 496 906 quievit.’'
547 864 680 896 Eadem
699 865 788 904 Ado,
817 865 1009 903 Usuardus,
1037 866 1105 898 alii.
1157 866 1308 898 Bobium
1335 870 1437 899 antea
1463 866 1580 899 Liber-

222 931 302 952 nam
321 920 463 957 dictum,
490 920 569 952 vide
588 920 732 952 Hieron.
751 920 905 953 Suritam
924 921 967 953 ad
985 921 1209 953 Itinerarium
1237 922 1340 954 Scoti.
1398 922 1476 966 Ipse
1501 934 1582 955 vero

221 976 262 1008 de
280 980 454 1008 senectute
472 986 534 1008 sua
552 976 588 1008 in
606 975 720 1018 Epist.
740 976 782 1008 ad
802 976 995 1015 Fedolium,
1019 988 1062 1009 ex
1079 988 1148 1019 qua
1171 978 1280 1020 liquet
1299 987 1362 1010 XC.
1392 989 1500 1011 annos
1525 990 1582 1011 ex—

221 1032 361 1065 cessisse
376 1041 385 1070 ;
414 1032 462 1064 sic
480 1032 570 1064 enim
589 1032 626 1063 in
644 1031 709 1064 fine
725 1042 732 1064 :

512 1102 592 1129 Haec
606 1103 657 1129 tibi
672 1103 805 1130 dicturam
821 1104 922 1131 morbis
937 1113 1083 1141 oppressus
1097 1105 1211 1137 acerbis,

515 1149 635 1185 Corpore
649 1159 717 1185 quos
731 1149 823 1185 fragili
838 1150 937 1186 patior,
952 1150 1083 1187 tristique
1098 1156 1210 1178 senecta
1222 1161 1229 1183 ;

513 1193 589 1220 Nam
603 1194 670 1221 dum
685 1195 831 1231 praecipiti
846 1195 980 1223 labuntur
994 1202 1118 1233 tempora
1133 1207 1226 1228 cursu,

511 1239 599 1266 Nunc
613 1239 648 1266 ad
663 1240 841 1277 Olympiadis
855 1246 898 1268 ter
912 1251 990 1269 senos
1004 1243 1133 1270 venimus
1147 1253 1240 1270 annos.

265 1312 406 1344 Scotum
426 1311 569 1350 faciunt,
584 1316 721 1354 praeter
738 1313 906 1352 laudatos,
922 1314 945 1345 J
948 1325 1024 1346 oan.
1043 1314 1207 1347 Leslaeus
1226 1316 1283 1348 lib.
1302 1325 1354 1348 IV.
1376 1315 1469 1349 Hist.
1486 1316 1577 1349 Scot.

216 1379 294 1413 pag.
311 1376 480 1401 cxcvm.
496 1367 643 1400 Arnold.
659 1367 777 1401 Uvion
795 1368 854 1401 lib.
872 1378 912 1401 II.
928 1370 1007 1414 Lig.
1022 1370 1095 1403 Vit.
1116 1381 1188 1412 cap.
1205 1380 1287 1403 XIV.
1308 1377 1328 1390 ⁵⁴
1344 1372 1378 1404 S.
1394 1372 1579 1405 Columba-

215 1435 280 1457 nus
299 1424 434 1462 Scotus‚
452 1424 641 1457 monachus
653 1425 853 1457 monasterii
868 1426 1148 1470 congregationis
1161 1426 1468 1466 Benochorensis‚”
1480 1433 1514 1461 et
1526 1429 1579 1460 in—

215 1480 278 1513 fra.
305 1479 438 1513 Anton.
466 1480 646 1513 Possevin.
673 1487 755 1513 tom.
777 1490 801 1513 1.
828 1481 960 1524 Appar.
981 1482 1073 1514 Sacr.
1097 1493 1176 1527 pag.
1197 1491 1419 1516 CCCXXXIX.
1449 1484 1578 1516 Henri-

215 1548 273 1570 cus
309 1536 480 1574 Canisius,
515 1536 686 1568 Melchior
727 1536 924 1570 Goldastus.
968 1538 1146 1571 Gilbertus
1182 1538 1425 1572 Genebrardus
1468 1540 1578 1572 Chro—

213 1593 301 1631 nico,
336 1592 395 1625 ubi
431 1596 547 1624 tamen
578 1594 666 1625 male
697 1604 774 1625 eum
806 1595 948 1626 collocat
977 1594 1014 1626 in
1048 1606 1177 1627 annum
1214 1603 1388 1628 DCXXIII.
1424 1601 1464 1629 ut
1496 1607 1575 1628 mox

212 1649 403 1681 videbitur:
427 1653 447 1667 ‘⁶
462 1647 496 1680 S.
513 1648 748 1681 Columbanus
763 1648 884 1682 Scotus
898 1649 1076 1694 Angliam,
1092 1650 1251 1688 Galliam,
1268 1651 1417 1690 Italiam,
1434 1652 1576 1685 Germa-

213 1705 318 1743 niam,
337 1705 436 1748 cujus
456 1705 583 1737 multos
601 1706 747 1748 populos
766 1706 807 1738 ad
828 1705 929 1738 fidem
948 1718 1038 1739 anno
1062 1715 1215 1739 DCXXX.
1241 1709 1422 1746 convertit,
1448 1710 1575 1751 partim

213 1771 274 1803 per
293 1771 376 1799 sese,
395 1761 524 1803 partim
542 1772 603 1803 per
622 1761 818 1803 discipulos,
834 1763 1051 1794 1110nasteriis
1070 1764 1238 1805 replevit3
1266 1775 1346 1795 nam
1365 1765 1499 1796 nullum
1519 1765 1574 1797 ad-

211 1817 278 1849 huc
296 1818 449 1849 seculum
467 1822 601 1850 tantam
617 1817 800 1849 celebrium
817 1818 1064 1850 monachorum
1082 1824 1231 1862 segetem
1246 1821 1424 1862 protulit.''
1459 1820 1574 1853 West-

211 1877 357 1905 monast.
386 1884 476 1906 anno
501 1881 667 1905 DCLXVI.
696 1878 716 1891 “
735 1873 768 1905 S.
790 1873 1025 1906 Columbanus
1050 1875 1091 1907 de
1116 1874 1231 1908 Scotia
1255 1877 1395 1908 veniens
1415 1877 1451 1909 in
1479 1877 1574 1910 Brit-

211 1929 366 1961 tanniam
393 1930 504 1961 clarus
531 1929 709 1961 habetur.’⁷
762 1929 809 1962 H.
835 1929 1003 1963 Boethius
1030 1942 1099 1963 non
1125 1935 1262 1963 tantum
1289 1932 1392 1964 domo
1418 1932 1570 1971 Scotum,

212 1985 271 2017 sed
283 1985 387 2016 etiam
400 1986 534 2017 “veteri
547 1996 667 2029 regum
682 1985 862 2018 Scotorum
877 1987 1078 2018 stemmate”
1092 1992 1207 2019 ortum
1223 1988 1342 2020 scribit
1356 1988 1414 2020 lib.
1429 1998 1570 2034 IX.pag.

213 2049 367 2073 CLXXII.
393 2040 553 2073 vincent.
578 2041 750 2074 Bellovac.
774 2042 831 2074 lib.
865 2051 984 2075 XXIII.
1016 2042 1151 2085 Speculi
1182 2054 1254 2086 cap.
1288 2053 1340 2076 IV.
1372 2044 1406 2077 S.
1438 2045 1569 2079 Anton.

210 2097 400 2128 Florentin.
423 2102 511 2138 part.
533 2106 573 2129 II.
593 2098 646 2129 tit.
667 2107 756 2130 XIII.
776 2109 848 2140 cap.
872 2107 920 2130 VI.
949 2109 1044 2131 num.
1065 2108 1120 2131 XI.
1148 2099 1321 2132 Trithem.
1348 2102 1390 2133 (le
1412 2101 1507 2135 Viris
1532 2104 1571 2135 il-

208 2152 376 2185 lustribus
396 2152 518 2184 Ordin.
539 2152 572 2184 S.
593 2153 771 2185 Benedicti
789 2155 847 2187 lib.
865 2163 904 2186 11.
921 2166 993 2197 cap.
1008 2164 1043 2187 V.
1062 2156 1120 2188 lib.
1137 2164 1196 2188 111.
1212 2167 1285 2200 cap.
1303 2166 1417 2189 XXVI.
1446 2158 1569 2191 Petrus

208 2209 244 2240 in
268 2207 435 2251 Catalogo
460 2208 516 2239 lib.
538 2217 575 2240 X.
601 2219 673 2250 cap.
694 2218 785 2241 XCV.
813 2214 846 2242 et
872 2211 929 2242 alii
956 2213 1017 2254 qui
1045 2212 1131 2244 mihi
1157 2223 1226 2245 non
1250 2218 1332 2246 sunt
1358 2214 1401 2245 ad
1427 2225 1566 2246 manum

209 2265 403 2297 videantur.
472 2264 584 2296 Multa
627 2264 806 2297 Rolandus
851 2265 1066 2299 Huerlebeut
1108 2268 1230 2302 Vasco.
1275 2274 1395 2301 contra
1438 2269 1566 2301 Irland.

207 2320 412 2352 Franciscus
439 2319 652 2353 Sansoviuus
680 2320 810 2354 Illustr.
838 2321 916 2354 Ital.
944 2322 1067 2356 Famil.
1098 2334 1175 2368 pag.
1196 2333 1276 2358 CXI.
1303 2330 1323 2344 ‘⁶
1341 2325 1412 2358 Sub
1437 2337 1565 2358 annum

863 2385 889 2409 U
