1861 2682
221 276 260 305 26
594 275 818 308 HISTORIA
842 274 1203 307 ECCLESIASTICA

370 367 413 400 In
430 366 606 411 Epistolas
624 367 726 400 Pauli
1040 365 1099 398 lib.
1118 374 1142 398 1.

274 422 413 456 Floruit
429 433 520 455 anno
538 431 709 455 Dcxmn.
759 422 895 456 Colitur
912 422 966 454 die
989 429 1075 454 XXI.
1093 420 1192 453 Julii.
1242 420 1373 454 Molan.
1392 420 1572 454 Addition.

228 478 390 511 Usuardi.
433 477 526 511 Guil.
550 477 804 523 Eisengrinius.
847 477 907 510 Fr.
931 476 1084 510 Irenicus
1107 475 1167 509 lib.
1194 483 1252 508 111.
1276 475 1437 510 German.
1462 475 1573 520 Exeg.

227 544 299 576 cap.
319 542 462 567 xnvm.

701 643 736 677 S.
762 642 983 676 ARNUAL.
1034 644 1091 679 29.

226 756 260 789 S.
295 755 482 794 ARNUAL.,
515 754 549 787 S.
585 754 717 787 Kiliani
751 753 1039 798 peregrinationis
1073 754 1196 794 socius,
1239 765 1315 787 cum
1358 755 1415 788 ille
1451 755 1575 788 Herbi-

226 813 332 856 polim
373 813 409 844 in
453 811 674 844 Germaniam
715 810 957 849 contendisset,
1001 810 1229 853 martyriique
1270 811 1421 853 palmam
1461 822 1575 854 perce-

224 868 340 911 pisset,
366 867 422 900 hic
447 868 484 900 in
509 866 630 900 Galliis
656 866 823 899 substitit.
873 865 1050 908 Anonym.
1081 876 1123 898 ex
1154 865 1305 899 Monast.
1335 865 1573 899 Aichstadian.

224 923 448 966 praedicator,
479 923 592 956 editus
621 922 664 954 ab
691 921 843 954 Henrico
869 920 1008 954 canisio
1034 926 1116 954 tom.
1146 930 1199 954 IV.
1228 920 1465 965 Antiquarum
1491 921 1575 954 Lec-

226 979 310 1012 tion.
337 979 379 1011 de
404 978 568 1011 Passione
599 977 659 1011 SS.
691 977 823 1010 Kiliani
854 981 888 1010 et
914 978 1082 1010 sociorum
1113 977 1199 1021 ejus.
1259 976 1375 1010 Verba
1404 978 1509 1010 habes
1539 978 1575 1010 in

225 1034 364 1067 Donato
379 1034 438 1067 lib.
459 1042 511 1066 IV.
528 1033 621 1066 infra
636 1033 700 1066 hoc
717 1043 828 1075 opere.
880 1032 1079 1076 Sigebertus
1102 1033 1357 1066 Gemblacensis
1380 1033 1423 1065 ad
1446 1044 1575 1066 annum

225 1098 392 1123 DCXLIX.
443 1089 485 1122 In
511 1089 681 1121 Chronico
706 1088 1006 1131 WVizziburgensis
1036 1089 1208 1131 episcopi:
1240 1093 1260 1106 ‘⁶
1282 1087 1482 1131 Discipulus
1507 1088 1575 1121 Ar-

224 1146 306 1178 nual
331 1145 368 1178 in
393 1144 516 1183 Gallia,
543 1143 771 1177 Adamannus
797 1143 912 1181 abbas,
938 1143 1142 1182 Adhelmus,
1169 1148 1203 1176 et
1228 1143 1423 1181 Wilfridus,
1449 1144 1575 1186 episco-

224 1201 260 1244 pi
289 1202 419 1233 clarent
447 1201 484 1232 in
510 1199 672 1244 Anglia.”
701 1199 922 1232 Arnualdum
947 1204 1047 1231 vocat
1072 1198 1287 1231 Trithemius
1312 1198 1372 1231 lib.
1397 1206 1421 1230 Ι.
1453 1198 1573 1241 Comp.

225 1257 353 1289 Annal.
377 1266 456 1299 pag.
477 1264 573 1288 LVII.
623 1255 808 1298 Scripsisse
827 1265 905 1287 eum
923 1254 972 1286 ait
988 1253 1011 1285 J
1014 1253 1137 1287 acobus
1156 1253 1331 1286 Breullius
1348 1254 1384 1286 in
1402 1253 1572 1297 Disquisi·

226 1312 377 1346 tionibus
394 1311 477 1349 suis,

368 1366 403 1399 S.
422 1366 554 1399 Kiliani
569 1365 727 1409 magistri
745 1363 864 1397 Vitam
1038 1364 1096 1396 lib.
1117 1372 1141 1396 1.

273 1423 369 1461 Quae
386 1422 436 1454 illi
454 1433 474 1454 a
491 1421 708 1464 propudiosis
725 1420 917 1458 haereticis,
943 1424 977 1452 et
994 1421 1143 1452 maxime
1160 1423 1317 1462 apostata
1334 1419 1451 1458 Baleo,
1472 1420 1574 1452 ascri-

224 1479 365 1517 buntur,
383 1488 452 1510 non
469 1477 552 1509 vidi.
605 1476 681 1509 Hoc
698 1486 806 1508 unum
821 1480 965 1513 constat,
982 1476 1100 1508 relicta
1118 1475 1231 1508 Gallia
1248 1475 1453 1519 magistrum
1471 1485 1573 1507 suum

223 1535 260 1567 in
293 1533 422 1566 Gallias
456 1531 668 1569 comitatum,
702 1530 905 1563 Xantonum
939 1533 1135 1574 episcopum
1169 1536 1284 1564 sancte
1317 1531 1439 1573 pieque
1478 1531 1574 1563 inau-

223 1593 408 1634 guratum:
434 1588 525 1620 idem
542 1591 661 1619 auctor
678 1591 729 1619 est
747 1586 790 1618 R.
810 1586 851 1618 P.
870 1587 1057 1619 Breullius.

271 1644 406 1677 Claruit
431 1654 521 1676 anno
545 1650 706 1675 DCXCIV.
760 1641 867 1675 Idem.
920 1642 1094 1675 Annualis
1119 1646 1172 1675 est
1196 1643 1307 1675 cultus
1332 1650 1375 1674 11.
1400 1640 1570 1674 Octobris.

220 1700 448 1744 Martyrolog.
467 1698 602 1732 subens.

709 1807 744 1841 S.
770 1807 972 1841 ATTILA.
1024 1810 1080 1841 30.

222 1921 511 1955 SANCTISSIMUS
536 1930 639 1953 senex
664 1919 898 1953 Columbanus
924 1920 1051 1952 multos
1078 1918 1200 1951 habuit
1225 1919 1316 1951 cives
1342 1929 1423 1951 suos
1452 1918 1571 1952 Scotos

220 1977 358 2020 pietatis
383 1977 499 2010 studio
528 1977 642 2019 ipsum
672 1986 690 2008 e
720 1976 833 2018 patria
862 1979 1019 2013 secutos;
1051 1974 1087 2006 in
1118 1973 1172 2006 his
1203 1973 1318 2006 Attila
1346 1973 1480 2013 Scotus,
1512 1984 1573 2008 seu

219 2032 351 2070 Attala,
382 2033 480 2076 cujus
508 2031 673 2065 memoria
698 2031 821 2063 colitur
846 2031 901 2062 die
926 2038 965 2061 X.
993 2029 1124 2061 Martii.
1175 2028 1355 2062 Addition.
1386 2029 1570 2073 Martyrol.

221 2087 372 2120 Usuardi
390 2087 520 2120 Molan.
571 2086 624 2119 De
641 2096 709 2129 quo
727 2085 894 2129 Sigebert.
914 2084 1168 2117 Gemblacensis
1187 2084 1379 2118 Chronico:
1406 2089 1426 2104 ‘⁶
1443 2084 1573 2118 Eusta-

221 2144 293 2176 sius
306 2143 410 2176 abbas
424 2142 652 2179 Luxonensis,
670 2146 705 2173 et
718 2140 832 2173 Attila
850 2140 1030 2173 Bobiensis
1048 2144 1126 2182 post
1143 2139 1396 2173 Columbanum
1411 2141 1570 2173 clarent.”

221 2199 433 2233 Comitatum
463 2203 553 2231 certe
582 2198 688 2241 hujus
717 2197 826 2229 sancti
855 2196 964 2238 patris
994 2195 1112 2228 Scotos
1146 2195 1263 2234 fuisse,
1297 2196 1461 2239 anonymi
1495 2205 1571 2227 ver·

223 2265 292 2293 suS,
321 2265 382 2288 seu
410 2254 672 2300 epigrammata,
701 2252 745 2286 ab
771 2251 923 2285 Henrico
952 2251 1091 2284 Canisio
1121 2262 1231 2295 nuper
1257 2252 1359 2290 edita,
1391 2251 1491 2284 fidem
1520 2250 1569 2283 fa-

220 2310 315 2343 ciunt
328 2319 337 2343 t
