1861 2682
290 212 353 243 246
665 211 891 243 HISTORIA
915 209 1279 241 ECCLESIASTICA

290 305 368 337 nius
387 304 622 347 Maurolycus,
649 303 766 335 Felici.
794 307 827 335 et
849 300 1027 333 Arnoldus
1053 301 1171 333 Uvion
1197 301 1315 333 eodem
1341 300 1405 331 die.
1458 299 1583 333 Petrus
1610 301 1646 332 in

291 361 458 404 Catalogo
484 359 542 392 lib.
571 368 596 391 Ι.
623 370 695 401 cap.
724 366 825 390 XVII.
878 356 1045 389 Claudius
1071 356 1112 388 de
1142 355 1236 387 Rota
1264 355 1301 387 in
1327 355 1545 399 Legendario
1571 366 1644 398 cap.

291 425 379 448 CCX.
431 415 556 447 Petrus
583 414 757 456 Cratepol.
783 414 818 445 in
844 412 1007 455 Episcop.
1033 412 1196 445 German.
1249 412 1402 445 Meierus
1431 412 1490 444 lib.
1519 421 1543 444 I.
1576 411 1648 444 An-

290 473 358 504 nal.
378 471 572 503 Flandriae.
606 469 747 502 Aimon.
767 469 826 501 lib.
846 477 897 501 IV.
917 467 1012 501 Gest.
1033 468 1196 500 Francor.
1220 478 1293 510 cap.
1310 476 1393 500 XLI.
1428 467 1561 501 Anton.
1580 468 1649 500 De-

292 528 402 560 moch.
418 531 501 559 tom.
522 535 561 558 11.
577 525 698 558 Sacris.
715 525 813 557 Miss.
828 536 901 567 cap.
917 532 984 557 xv,
1025 523 1184 557 Vincent.
1203 523 1349 567 Speculo
1362 524 1421 556 lib.
1438 533 1558 556 XXIII.
1573 534 1645 566 cap.

291 591 446 615 LXXXV.
478 587 512 614 et
541 582 653 614 tribus
683 580 917 623 sequentibus.
969 579 1151 622 Reliquiae
1181 580 1256 623 ejus
1286 579 1416 624 Brugis
1452 586 1646 612 servantur.

289 639 311 671 J
314 650 390 672 oan.
411 638 573 670 Molanus
592 638 635 669 ad
653 636 803 668 Usuard.
856 635 975 668 Vitam
994 636 1069 679 ejus
1088 635 1226 678 scripsit
1252 634 1287 667 S.
1305 634 1496 668 Audoenus
1516 635 1648 668 Rotho-

288 695 461 739 magensis
479 694 658 735 episcopus
683 692 741 723 lib.
762 700 803 723 11.
831 702 916 734 quos
943 691 1055 723 adfert
1081 690 1204 723 Surius
1230 695 1314 723 tom.
1333 699 1386 723 VI.
1413 696 1447 723 et
1470 690 1648 724 abbrevia-

289 752 340 783 vit
366 750 420 781 vir
446 750 524 791 pius
550 758 745 790 anonymus
770 747 846 779 MS.
875 747 910 778 in
936 747 1075 779 ecclesia
1101 746 1330 779 Noviomensi
1355 751 1577 785 asservatus;
1606 757 1648 778 ex

288 818 366 849 quo,
385 810 419 838 et
437 815 478 837 ex
501 802 681 836 breviariis
705 803 859 841 Scoticis‚
884 803 993 845 liquet
1017 802 1157 835 Scotum
1183 802 1301 834 fuisse.
1353 802 1448 834 Ante
1474 802 1646 845 episcopa-

288 869 363 895 tum
382 861 450 894 fuit
475 860 579 892 abbas
605 860 821 892 Solemniaci.
874 859 1042 903 Sigebert.
1063 859 1191 891 Chron.
1211 859 1254 891 ad
1272 869 1402 890 annum
1429 866 1645 890 DCXXXVII.

290 918 435 962 Notger.
468 918 504 949 in
530 916 614 948 Vita
643 915 678 948 S.
710 915 864 948 Remacli
892 915 983 958 apud
1011 915 1153 947 Surium
1182 919 1264 947 tom.
1294 923 1329 946 V.
1381 913 1514 946 Putant
1540 913 1647 956 aliqui

287 974 501 1007 aurifabrum
520 983 598 1005 eum
617 971 747 1010 fuisse;
779 983 885 1014 quare
908 972 943 1003 in
966 972 1075 1003 tutela
1094 970 1169 1014 ejus
1188 974 1372 1003 censentur
1389 969 1479 1002 fabri
1498 968 1645 1002 ferrarii.

287 1030 431 1073 Scripsit

431 1086 488 1118 Ad
507 1085 778 1127 Antverpianos,
797 1095 857 1116 seu
875 1083 1129 1126 Andoverpios,
1254 1083 1314 1116 lib.
1335 1092 1358 1115 I.

429 1142 560 1174 Contra
578 1141 683 1173 Ritus
702 1140 897 1173 Suevorum
1252 1140 1311 1172 lib.
1332 1148 1357 1171 Ι.

431 1197 484 1229 De
503 1197 608 1230 Idolis
627 1197 845 1229 destruendis
1250 1195 1309 1228 lib.
1331 1204 1355 1227 1.

432 1254 484 1285 De
503 1253 637 1285 Sanctis
655 1252 865 1284 honorandis
1252 1251 1311 1284 lib.
1332 1259 1356 1282 1.

334 1310 472 1343 Floruit
490 1320 581 1341 anno
600 1316 751 1340 DCLVII.
802 1307 875 1339 Alii
894 1307 930 1339 in
948 1307 1015 1340 alia
1032 1307 1194 1351 rejiciunt
1217 1311 1383 1349 tempora,
1408 1307 1467 1339 sed
1485 1306 1535 1339 ita
1554 1317 1643 1338 mar-

287 1366 458 1410 tyrologia
487 1365 631 1402 Scotica,
658 1372 691 1395 et
720 1363 902 1396 breviaria.
964 1363 1150 1401 Sinclarus,
1177 1362 1330 1401 Brunus,
1359 1362 1503 1406 Regius,
1531 1361 1644 1405 Chey-

286 1434 383 1460 neus,
403 1426 435 1454 et
456 1421 525 1453 alii.

700 1516 733 1549 S.
761 1514 1096 1548 ERENTRUDIS.
1148 1517 1228 1547 451.

289 1591 322 1623 S.
358 1589 637 1626 ERENTRUDIS‚
672 1587 902 1626 Erendrudis,
938 1586 1160 1625 Erindrudis,
1195 1585 1399 1625 Ariotruda,
1442 1585 1643 1624 Arudruda,

286 1645 492 1678 Arentruda
527 1645 637 1688 virgo,
672 1648 706 1676 et
740 1644 914 1676 abbatissa
944 1642 1229 1687 Numbergensis‚
1265 1653 1362 1675 soror
1392 1642 1426 1674 S.
1458 1641 1641 1681 Rudberti,

285 1702 388 1745 primi
420 1700 693 1744 Salisburgensis
724 1700 916 1738 antistitis3
953 1701 994 1732 de
1028 1710 1097 1742 quo
1132 1700 1210 1731 vide
1247 1699 1304 1731 lib.
1342 1707 1425 1730 XVI.
1456 1697 1548 1730 infra
1580 1698 1644 1730 hoc

285 1769 398 1801 opere.
452 1762 471 1775 ‘⁶
491 1757 693 1798 Prosapiam
712 1756 819 1788 traxit
843 1766 862 1787 a
886 1756 1024 1800 regibus
1044 1756 1221 1793 Franciae,
1249 1760 1283 1787 et
1309 1754 1453 1787 ducibus
1478 1753 1643 1792 Scotiae,”

285 1820 324 1847 ut
351 1825 392 1846 ex
420 1814 565 1856 antiqua
590 1812 737 1845 historia
766 1812 919 1854 prodidit
949 1822 1142 1855 anonymus
1169 1816 1288 1843 auctor
1314 1811 1349 1842 in
1375 1809 1459 1842 Vita
1485 1809 1519 1842 S.
1548 1809 1644 1842 Rud-

285 1871 383 1908 berti,
402 1870 597 1912 publicatus
616 1868 658 1900 ab
677 1868 830 1900 Henrico
845 1867 984 1900 Canisio
998 1873 1079 1899 tom.
1100 1875 1151 1898 VI.
1167 1866 1356 1909 Antiquar.
1372 1865 1526 1898 Lection.
1559 1866 1644 1904 Qui-

286 1937 420 1969 cunque
448 1926 489 1957 de
515 1925 549 1957 S.
578 1924 759 1957 Rudberto
786 1924 982 1962 meminere,
1011 1933 1085 1955 eam
1112 1924 1266 1955 extulere
1293 1923 1398 1954 etiam
1425 1922 1557 1965 elogiis,
1584 1923 1642 1954 sed

285 1982 425 2024 quidam
445 1992 519 2014 eam
540 1981 650 2013 sancti
677 1980 769 2011 illius
796 1990 957 2016 sororem,
985 1979 1142 2010 nonnulli
1171 1983 1307 2020 neptem
1334 1982 1471 2010 tantum
1498 1977 1641 2010 faciunt.

289 2038 502 2070 Monialibus
521 2047 657 2068 summa
674 2035 828 2077 praefuit
846 2035 1040 2067 sanctitate.
1092 2034 1237 2077 Scripsit

431 2092 699 2125 Revelationum
718 2101 858 2123 suarum
1251 2090 1309 2122 lib.
1330 2099 1353 2122 1.

333 2149 469 2182 Claruit
486 2158 576 2180 anno
596 2155 684 2179 DCL.
725 2146 862 2179 Colitur
875 2146 929 2177 die
945 2155 1044 2178 XXX.
1059 2146 1168 2179 Junii.
1201 2146 1387 2178 Kalendar.
1407 2144 1640 2188 Salisburgeu.

283 2207 384 2240 Joan.
412 2205 526 2238 Trith.
554 2204 690 2237 lib.111.
718 2204 759 2236 de
785 2203 860 2236 Vir.
884 2204 990 2235 illust.
1017 2203 1139 2235 Ordin.
1168 2202 1202 2235 S.
1231 2202 1409 2234 Benedicti
1437 2212 1509 2243 cap.
1539 2209 1640 2233 CCVI.

284 2263 428 2296 Arnold.
464 2261 581 2294 Uvion
617 2265 706 2303 part.
743 2268 800 2292 111.
843 2270 920 2303 pag.
957 2267 1093 2292 CCV111.
1163 2258 1362 2291 Translatio
1403 2258 1555 2301 ejusdem
1592 2268 1642 2288 ce-
