1861 2682
585 262 756 294 GENTIS
780 263 1051 302 SCOTORUM,
1075 265 1163 296 LIB.
1186 266 1248 297 ΙΙΙ.
1534 272 1590 301 151

281 351 430 386 Vivebat
444 364 534 386 auno
551 362 611 387 Dc.
626 359 686 387 aut
703 355 848 388 circiter.
886 356 1022 390 Colitur
1039 358 1094 391 die
1112 366 1229 392 XVIII.
1248 359 1348 393 Julii.
1384 360 1499 395 Uvion
1519 364 1590 395 loco

234 407 382 440 laudato.

647 507 681 539 S.
709 506 1038 542 CHRONIACUS.
1092 513 1173 543 252.

230 573 264 606 S.
293 574 557 610 CHRONIAcUs
588 589 626 610 eo
659 579 748 612 vixit
775 581 887 612 seculo
914 591 982 623 quo
1010 587 1192 622 nostrates,
1221 582 1351 616 Aidani
1379 585 1587 627 pientissimi

230 631 321 674 regis
343 633 515 674 auspiciis,
542 633 620 666 fidei
639 634 856 668 Christianae
879 635 1105 671 fundamenta
1128 639 1164 671 in
1188 638 1319 684 Anglia
1339 641 1511 684 jacebant.
1541 642 1588 674 H.

229 685 398 719 Boethius
410 688 469 720 lib.
486 697 542 721 lx,
561 689 694 723 Histor.
710 690 800 724 Scot.
820 692 947 736 pagina
960 701 1127 727 CLXXVI.
1148 699 1168 713 “
1182 694 1223 727 In
1238 695 1353 729 Scotia
1371 696 1588 737 Connanum,

227 741 495 783 Columbanum,
514 745 757 785 Chroniacum,
776 748 952 787 Dimaum,
971 748 1187 793 Bigitanum,
1212 756 1247 784 et
1270 751 1493 792 Damiamun,
1518 755 1588 786 exi-

226 798 314 831 miae
333 800 472 842 pietatis
490 802 677 845 episcopos,
706 804 798 836 vitae
819 804 1046 837 sanctimonia
1069 806 1272 840 illustratos.
1323 808 1382 841 Ad
1400 809 1462 842 hos
1481 811 1588 853 scrip-

226 865 298 887 sere
316 856 478 898 epistolas
498 857 654 891 Hilarius
673 859 960 903 archiepiscopuS‚
985 871 1126 895 servans
1144 867 1227 895 tunc
1246 864 1357 897 locum
1377 870 1514 899 sanctae
1538 877 1586 899 se-

224 910 276 942 dis
295 913 510 953 apostolicae,
533 913 685 947 Joaunes
708 915 864 959 ejusdem
885 916 975 948 sedis
998 918 1226 956 consiliarius,
1251 924 1284 952 et
1302 920 1404 953 Joan.
1429 922 1586 964 primice-

223 966 328 999 rius.⁷‘
379 967 428 1001 Ut
445 974 578 1002 certum
596 975 648 1003 est
666 972 893 1014 episcopalem
911 971 1002 1004 hunc
1016 973 1224 1017 dignitatem
1240 976 1514 1016 administrasse,
1536 979 1586 1011 ita

223 1032 325 1064 quam
345 1025 474 1058 rexerit
492 1027 680 1065 ecclesiam,
699 1027 869 1060 incertum
887 1032 984 1070 puto,
1008 1039 1070 1071 pro
1094 1031 1345 1064 consuetudine
1370 1033 1462 1066 illius
1480 1034 1584 1066 seculi

222 1080 314 1121 apud
332 1086 514 1120 nostrates,
533 1083 621 1115 nulli
639 1088 751 1116 certae
770 1084 841 1116 sedi
860 1083 966 1117 fuisse
985 1085 1183 1129 alligatum.
1235 1086 1367 1132 Magna
1392 1090 1501 1132 ipsius
1520 1091 1585 1122 sol-

221 1135 363 1168 licitudo
381 1147 443 1178 pro
462 1139 722 1172 reconciliandis
740 1140 966 1183 popularibus
983 1147 1121 1174 sanctae
1139 1143 1210 1176 sedi
1230 1143 1419 1184 Romanae,
1439 1147 1475 1179 in
1501 1147 1585 1180 cele-

219 1189 375 1223 bratione
395 1191 594 1225 Paschatis:
618 1206 658 1227 ea
675 1196 767 1228 enim
785 1200 860 1229 tum
878 1197 1035 1239 quaestio
1053 1199 1153 1231 unice
1176 1199 1317 1244 ingenia
1344 1202 1524 1235 exercebat
1548 1203 1583 1235 in

219 1250 337 1279 nostra
355 1247 479 1280 insula.
531 1248 621 1292 Ejus
641 1255 745 1283 sunt:

362 1302 415 1336 De
432 1303 562 1337 Errore
580 1305 616 1337 in
635 1305 769 1339 Pascha
789 1307 990 1341 celebranda
1239 1313 1299 1346 lib.
1319 1322 1343 1345 I.

362 1358 541 1402 Epistolae
559 1361 602 1393 ad
622 1361 798 1395 Hilarium
1236 1369 1294 1401 lib.
1314 1378 1339 1401 I.

361 1414 554 1448 Concordia
572 1417 663 1450 inter
681 1416 844 1451 Britones
861 1422 995 1452 tentata
1236 1424 1295 1457 lib.
1315 1434 1340 1457 I.

266 1469 403 1502 Floruit
421 1481 512 1504 anno
531 1480 697 1505 DCLXVI.
724 1473 825 1506 Joan.
851 1474 1014 1508 Leslaeus
1040 1477 1099 1510 lib.
1121 1486 1175 1510 1v.
1194 1490 1273 1525 pag.
1294 1490 1404 1514 cmx.
1432 1482 1580 1516 Sanctus

216 1524 365 1559 habitus.
410 1526 526 1560 Uvion
547 1529 605 1561 lib.
626 1538 683 1561 111.
704 1527 783 1575 Lig.
803 1529 877 1564 Vit.
895 1542 974 1576 pag.
994 1540 1168 1567 CCCCXII.
1219 1536 1356 1571 Colitur
1374 1547 1462 1571 XXI.
1480 1538 1577 1572 Maii.

659 1641 694 1674 S.
722 1641 998 1677 CONGANUS.
1051 1648 1133 1679 253.

212 1749 247 1782 S.
267 1749 488 1784 CONGANUS
507 1752 623 1791 abbas,
644 1764 704 1786 seu
723 1754 921 1798 Cognanus‚
939 1757 1116 1792 miraculis
1140 1761 1264 1795 claruit
1286 1762 1418 1805 (Uvion
1437 1765 1495 1798 lib.
1516 1775 1574 1798 111.

213 1804 290 1849 Lig.
311 1805 384 1840 Vit.
404 1818 483 1852 pag.
503 1817 647 1841 CDXIII.
675 1821 753 1842 eum
780 1815 895 1843 tamen
922 1813 959 1844 iu
986 1824 1115 1847 annum
1136 1824 1280 1850 DCCLX.
1308 1821 1396 1852 male
1422 1822 1572 1865 reponit)

211 1861 338 1905 insigni
357 1864 560 1903 eruditione,
589 1870 623 1898 et
641 1866 733 1899 vitae
759 1867 966 1901 innocentia.
1018 1869 1189 1905 Successit
1208 1872 1364 1914 Rabano,
1383 1877 1419 1908 in
1439 1876 1569 1910 Gallias

211 1917 253 1948 ad
272 1916 434 1951 Carolum
453 1920 624 1965 Magnum
642 1922 806 1964 profecto,
824 1928 858 1956 et
876 1924 935 1957 diu
949 1926 1102 1959 creditur
1114 1927 1432 1965 Dumfermelinum
1451 1944 1572 1967 coeno-

211 1971 305 2004 bium
325 1974 595 2009 administrasse.
650 1978 814 2011 Meminit
833 1991 901 2012 non
919 1991 989 2013 uno
1011 1982 1084 2014 loco
1109 1983 1260 2018 Joannes
1286 1986 1470 2021 Fordunus
1494 1989 1569 2022 MS.

211 2026 310 2060 Hect.
331 2028 455 2063 Boeth.
474 2032 532 2064 lib.
553 2041 607 2065 Ix.
629 2033 762 2067 Histor.
782 2034 873 2068 Scot.
892 2036 929 2069 in
947 2036 1023 2070 fine.
1078 2037 1224 2083 Scripsit

355 2084 397 2117 In
415 2085 649 2131 Evangelium
668 2089 814 2123 Joannis
1174 2096 1232 2130 lib.
1254 2107 1279 2130 Ι.

355 2140 395 2173 In
414 2141 592 2184 Epistolas
611 2144 706 2177 Petri
1176 2153 1234 2186 lib.
1255 2163 1279 2186 I.

355 2196 527 2230 Homilias
545 2210 587 2231 ex
605 2199 740 2234 Sanctis
759 2202 922 2237 Patribus
1173 2210 1232 2242 lib.
1254 2220 1278 2243 Ι.

352 2252 623 2288 Exhortationes
642 2257 685 2288 ad
704 2257 843 2291 Fratres
1174 2266 1233 2299 lib.
1254 2275 1278 2299 Ι.

255 2307 367 2341 Desiit
386 2309 502 2343 vivere
522 2321 614 2344 anno
628 2320 859 2348 DCCCLXXX.
879 2317 933 2349 vel
951 2328 1041 2352 anno
1062 2328 1104 2351 M.
1150 2320 1251 2355 Hect.
1271 2322 1395 2356 Boeth.
1415 2325 1472 2357 lib.
1495 2334 1547 2357 XI.
