1861 2682
305 215 367 243 240
681 213 907 246 HISTORIA
931 212 1295 245 ECCLESIASTICA

307 307 385 346 sibi,
403 312 442 340 ut
461 307 575 345 audio,
599 306 812 348 opulentiam
836 305 1032 346 conquirit;
1057 305 1150 347 quod
1175 316 1244 336 non
1271 309 1343 336 tam
1367 304 1478 343 credo,
1506 315 1610 347 quam
1628 316 1669 337 ex

307 364 424 396 animo
457 363 582 405 eupi03
622 362 709 394 nihil
743 361 835 394 enim
870 364 922 392 est
955 360 1049 402 quod
1078 364 1151 392 tam
1182 370 1367 392 amoenum
1398 370 1467 391 non
1497 364 1670 392 mereatur

311 420 500 464 ingenium.

558 504 930 547 'ARCHIBALDUS
956 509 1272 543 DUMFRISIUS.
1326 512 1406 543 435.

308 587 602 621 ARCHIBALDUS
628 585 856 623 Dumfrisius,
887 584 930 617 ab
960 583 1087 626 oppido
1117 583 1165 615 sic
1190 584 1314 621 dictus,
1343 583 1532 615 monachus
1559 582 1669 615 Bene-

307 644 458 677 dictinus
477 642 747 676 Dumfermelini
766 640 953 683 professus,
976 639 1158 672 familiaris
1177 640 1250 683 regi
1268 639 1404 672 Scotiae
1427 639 1582 672 Roberto
1601 638 1667 671 III.

309 700 529 733 Domesticus
562 697 710 730 Gilberti
742 696 937 735 Greenlaw,
969 696 1120 738 episcopi
1149 694 1419 733 Aberdonensis,
1455 695 1529 739 ejus
1565 706 1668 738 opera

309 758 345 789 in
376 755 507 788 Gallias
536 765 615 787 cum
646 753 840 786 oratoribus
870 752 981 785 Seotis
1012 752 1149 790 missus,
1184 750 1309 784 Carolo
1344 750 1427 784 VII.
1458 751 1555 784 utilis
1588 751 1667 784 fuit.

307 811 452 854 Scripsit

450 866 628 909 Epistolas
647 866 690 898 ad
708 865 823 910 Reges
1227 863 1285 896 lib.
1307 873 1330 896 1.

354 923 518 957 Florebat
534 933 625 956 anno
645 930 863 955 Mcecxcw.

652 1017 880 1051 JOANNES
906 1015 1180 1049 DAZELLUS.
1233 1014 1314 1048 436.

307 1093 328 1125 J
332 1099 493 1124 OANNES
512 1091 687 1128 Dazellus,
706 1090 814 1122 nobili
839 1089 972 1122 familia
996 1100 1034 1121 ac
1057 1088 1249 1120 clarissimo
1272 1087 1423 1131 ingenio,
1448 1087 1576 1120 Graece
1600 1088 1667 1120 La-

306 1150 445 1191 tineque
462 1147 694 1180 doctissimus.
745 1145 788 1178 In
806 1145 1018 1189 Aquitanica
1036 1144 1150 1177 Gallia
1169 1153 1269 1176 xxx.
1293 1143 1393 1176 annis
1418 1144 1500 1176 totis
1519 1143 1666 1177 Lescaae

304 1204 498 1247 politiorem
515 1204 733 1236 literaturam
751 1202 904 1235 maxima
922 1201 1118 1234 celebritate
1139 1199 1324 1242 professus,
1343 1199 1482 1242 scripsit

448 1260 502 1292 De
520 1259 676 1292 Ecclesia
695 1258 829 1291 Scotica
1225 1256 1284 1288 lib.
1305 1264 1329 1288 1.

448 1315 491 1349 In
533 1314 688 1348 Annales
730 1313 990 1346 Ecclesiasticus
1032 1312 1260 1345 illustrissimi
1303 1311 1448 1345 Baronii
1491 1312 1665 1345 Observa-

496 1372 607 1404 tiones
1223 1367 1282 1400 lib.
1303 1376 1327 1400 Ι.

448 1427 501 1460 De
518 1426 743 1469 Antiquitate
761 1425 893 1458 Galliae
910 1424 1142 1468 Aquitanicae
1221 1423 1280 1456 lib.
1301 1433 1324 1456 Ι.
1344 1434 1429 1466 opus
1445 1424 1662 1461 immensum,

498 1488 537 1516 ut
555 1483 669 1520 audio,
688 1487 722 1514 et
739 1481 948 1514 incredibilis
967 1481 1105 1513 laboris.

354 1539 460 1572 Vivat
479 1539 601 1577 adhuc,
619 1548 664 1570 an
682 1537 816 1576 obierit,
835 1548 898 1579 pro
915 1540 1091 1579 comperto
1108 1547 1179 1568 non
1197 1536 1318 1568 habeo.

591 1649 841 1684 JOSEPHUS
867 1646 1234 1681 DRUMMONDUS.
1288 1649 1367 1683 437.

307 1763 328 1795 J
333 1771 506 1796 OSEPHUS
524 1762 798 1800 Drummondus,
813 1761 920 1794 nobili
934 1760 1078 1798 familia,
1092 1760 1153 1792 diu
1166 1760 1203 1792 in
1217 1758 1339 1792 Galliis
1354 1759 1459 1792 bonas
1477 1765 1568 1793 artes
1586 1771 1664 1803 pro-

305 1820 426 1858 fessus,
445 1819 558 1862 Aquis
577 1818 704 1851 Sextiis
722 1818 851 1850 celebre
869 1827 995 1850 nomen
1018 1816 1062 1849 ab
1085 1816 1225 1860 ingenio
1248 1816 1404 1859 adeptus,
1429 1817 1663 1859 disputatione

304 1886 408 1918 super
425 1875 616 1908 sacerdotio
634 1875 749 1917 opimo
766 1873 995 1906 clarissimum
1020 1876 1054 1905 et
1075 1872 1140 1905 sibi
1164 1876 1198 1904 et
1223 1872 1319 1916 genti
1346 1873 1540 1906 encomium
1566 1884 1664 1916 prae—

306 1932 445 1964 struxit.
497 1931 643 1973 Scripsit

448 1986 744 2019 Introductionem
763 1986 807 2018 ad
824 1985 988 2029 Logicam
1220 1983 1278 2016 lib.
1300 1994 1322 2016 1.

448 2042 624 2085 Excerpta
641 2053 682 2074 ex
700 2041 888 2073 Aristotele
1220 2040 1278 2073 lib.
1300 2049 1323 2072 1.

353 2099 451 2132 Obiit
467 2097 641 2131 Avenion'i
660 2108 750 2130 anno
770 2104 927 2128 MDCXX.

577 2207 867 2244 GULIELMUS
892 2207 1258 2241 DRUMMONDUS.
1310 2210 1389 2241 438.

574 2264 824 2300 GEORGIUS
848 2263 1162 2297 DUGLASSIUS.
1215 2266 1294 2301 439.
