1861 2682
596 228 766 259 GENTIS
792 227 1061 264 SCOTORUM,
1087 227 1173 258 LIB.
1198 228 1254 258 IV.
1538 229 1599 258 207

290 322 389 354 Vixit
415 332 469 354 an.
498 328 603 353 Dcvl.
631 321 666 353 in
697 319 756 352 SS.
790 320 906 352 album
936 321 1076 357 relatus,
1109 328 1255 351 xxvl11.
1282 318 1427 351 Januar.
1454 324 1488 351 et
1515 327 1596 350 xvi.

242 377 450 410 Novembris
480 377 534 408 die
565 377 638 420 ejus
669 376 870 408 memoriam
900 376 1019 408 recolit
1044 376 1194 408 ecclesia.
1221 375 1368 407 Arnold.
1396 373 1513 406 Uvion
1539 374 1596 406 lib.

244 442 300 465 111.
321 433 426 476 Ligni
444 432 548 465 Vitae
565 442 643 476 pag.
664 440 846 464 ececxw.
865 437 899 464 et
916 430 1161 464 Calendarium
1178 430 1201 462 J
1203 430 1299 462 acobi
1317 429 1503 473 Cheynaei.

702 544 736 575 S.
764 541 1011 575 DONANUS.
1064 544 1144 577 377.

241 656 275 689 S.
295 656 492 688 DONANUS
515 655 630 693 abbas,
655 666 758 687 aureo
777 655 835 687 illo
853 658 1050 686 sanctorum
1075 654 1198 692 seculo,
1222 653 1482 696 incomparabili
1507 653 1598 684 vitae

241 712 444 755 integritate
462 711 571 743 fulsit.
608 710 775 742 Baculum
795 709 956 742 haeretici
976 713 1214 751 corruperunt,
1233 709 1294 751 qui
1312 709 1533 741 circumlatus
1552 708 1599 740 fe-

240 768 291 800 bri
310 772 343 800 et
361 768 480 800 morbo
498 767 594 811 regio
612 767 824 798 medebatur.
876 765 966 808 Ejus
986 769 1067 797 sunt
1084 774 1091 797 :

384 823 598 856 Monasticae
616 822 719 855 Vitae
738 822 944 854 Institutum
1208 821 1266 853 lib.
1288 830 1311 853 I.

384 878 436 911 De
455 878 489 910 S.
509 878 694 910 Trinitatis
714 877 893 920 Mysteriis
1207 877 1266 909 lib.
1287 885 1310 908 1.

386 934 522 978 Regula
540 933 652 965 Officii
670 933 903 965 Ecclesiastici
1208 933 1266 964 lib.
1288 941 1311 963 I.

287 990 387 1022 Vixit
405 1000 495 1021 anno
515 997 634 1021 DCXL.
685 988 821 1020 Colitur
844 988 898 1020 die
924 996 1022 1020 XVII.
1048 987 1160 1030 April.
1186 988 1346 1020 Breviar.
1372 988 1463 1020 Scot.
1484 993 1599 1030 patro-

240 1057 304 1079 nus
322 1047 359 1078 in
376 1045 568 1083 Achterles‚
588 1044 744 1076 Thomae
764 1043 964 1086 Dempsteri
982 1044 1134 1082 baronia,
1160 1045 1258 1088 cujus
1277 1048 1415 1076 sanctae
1434 1044 1598 1086 reliquiae

241 1103 392 1134 elevatae
411 1108 528 1132 XVIII.
547 1100 662 1142 April.
682 1105 716 1132 et
734 1100 909 1132 nundinae
926 1099 1124 1142 frequentes
1143 1104 1216 1132 toto
1234 1111 1273 1132 eo
1292 1104 1416 1132 tractu.

681 1210 716 1242 S.
743 1209 1023 1242 DUTHACUS.
1076 1213 1156 1246 378.

241 1324 299 1356 DE
335 1324 370 1356 S.
406 1322 567 1355 Duthaco
606 1321 653 1353 H.
692 1320 832 1353 Boethii
875 1322 980 1354 verba
1022 1327 1104 1355 sunt
1139 1331 1228 1355 XIII.
1265 1323 1358 1356 Hist.
1394 1323 1485 1356 Scot.
1520 1333 1597 1366 pag.

238 1387 443 1412 CCLXXXV.
484 1381 505 1395 “
537 1376 699 1409 Tradunt
733 1376 840 1418 aliqui
875 1375 1075 1409 Duthacum
1110 1379 1307 1420 episcopum
1342 1379 1596 1411 sanctissimum

237 1439 405 1479 regnante
430 1433 532 1465 Alex.
561 1431 607 1464 ΙΙ.
639 1432 778 1470 vixisse,
805 1437 994 1465 asserentes
1021 1443 1098 1465 eum
1126 1433 1169 1465 D.
1196 1433 1343 1466 Gilberti
1370 1433 1598 1466 Cathanensis

238 1492 388 1534 episcopi
406 1490 513 1522 fuisse
530 1493 809 1531 praeceptorem3
836 1489 896 1521 sed
913 1489 972 1520 alii
991 1488 1107 1531 ipsum
1126 1490 1228 1533 longe
1246 1489 1329 1522 haec
1346 1494 1502 1531 tempora
1523 1500 1600 1531 pre-

238 1547 378 1579 cessisse
397 1545 553 1578 scribunt
570 1553 578 1576 ι
606 1548 783 1586 utcunque
801 1549 917 1576 autem
941 1555 977 1577 se
998 1555 1051 1577 res
1077 1545 1191 1583 habet,
1221 1546 1275 1578 vir
1300 1545 1369 1578 fuit
1386 1546 1479 1578 omni
1499 1546 1598 1578 laude

237 1602 474 1646 dignissimus,
493 1600 636 1642 Deoque
653 1604 687 1632 et
710 1599 908 1632 hominibus
933 1611 1011 1633 cum
1034 1601 1156 1643 primis
1175 1606 1354 1643 acceptus3
1382 1601 1474 1643 quod
1498 1600 1597 1633 facile

237 1669 279 1690 ex
296 1657 472 1689 miraculis
490 1666 579 1698 quae
597 1655 719 1687 vivens
738 1666 776 1687 ac
793 1660 952 1688 mortuus
975 1656 1012 1688 in
1036 1660 1191 1688 nostram
1217 1667 1326 1699 usque
1353 1661 1501 1689 aetatem
1528 1657 1599 1688 edi-

236 1714 298 1751 dit,
317 1716 462 1745 constat.
501 1711 675 1744 Coluntur
693 1722 774 1743 vero
792 1722 928 1743 summa
945 1712 1166 1744 veneratione
1184 1712 1349 1754 reliquiae
1366 1712 1441 1755 ejus
1460 1713 1495 1744 in
1510 1712 1598 1744 Ros-

237 1770 298 1807 sia,
324 1769 384 1801 ubi
412 1773 446 1800 et
472 1768 628 1810 sepultus
654 1767 737 1805 est‚”
762 1767 888 1809 oppido
915 1767 1050 1800 Thana.
1102 1767 1198 1799 Idem
1224 1767 1392 1800 Boethius
1425 1767 1596 1810 Descript.

237 1824 370 1857 Scotiae
387 1835 466 1868 pag.
487 1832 540 1856 IV.
558 1823 618 1855 ubi
636 1822 856 1855 Deuthacum
877 1827 987 1855 vocat.
1020 1822 1089 1855 Hic
1107 1823 1222 1861 etiam,
1240 1828 1279 1855 ut
1298 1823 1399 1855 multi
1417 1823 1487 1860 alii,
1502 1822 1597 1855 Mar-

236 1880 399 1923 tyrologii
430 1879 579 1911 Romani
611 1879 647 1910 in
677 1878 805 1911 tabulis
836 1879 1060 1917 desideratur,
1090 1878 1169 1910 licet
1200 1883 1358 1911 aeternae
1392 1879 1483 1910 vitae
1509 1878 1597 1910 libro

236 1935 394 1977 scriptus.
446 1934 582 1967 Extant
599 1934 642 1967 ab
659 1945 699 1966 eo
717 1935 829 1966 edita:

382 1990 629 2022 Meditationes
647 1991 821 2022 solitariae
1203 1990 1262 2022 lib.
1283 1999 1306 2021 I.

380 2045 433 2077 De
450 2044 616 2078 Vanitate
634 2045 925 2088 Philosophorum
1202 2046 1261 2078 lib.
1282 2054 1305 2077 1.

378 2100 431 2133 De
449 2100 514 2132 Dei
533 2100 745 2132 Nominibus
763 2112 804 2132 ex
823 2101 856 2133 S.
876 2101 1046 2144 Dionysio
1203 2101 1261 2134 lib.
1283 2110 1307 2133 I.

282 2156 421 2189 Floruit
439 2167 531 2188 anno
551 2164 747 2188 MCCXLIX.
766 2157 824 2188 alii
844 2160 960 2189 tamen
977 2157 1140 2190 claruisse
1158 2159 1293 2190 malunt
1311 2169 1401 2190 anno
1420 2166 1593 2190 DCCCVII.

234 2212 300 2245 Sed
322 2212 358 2244 in
382 2223 418 2244 re
446 2212 610 2256 ambigua
631 2212 725 2244 haud
750 2217 877 2244 temere
903 2213 1087 2255 quicquam
1113 2213 1322 2246 affirmarim.
1374 2213 1492 2246 Unum
1516 2214 1594 2250 scio,

234 2269 269 2300 in
297 2267 466 2301 Hibernia
490 2268 551 2300 diu
573 2266 671 2299 illum
695 2272 894 2300 versatum:
920 2268 992 2300 vidi
1016 2268 1055 2300 in
1081 2268 1220 2302 Malisio
1246 2269 1404 2312 episcopo
1430 2269 1594 2301 Sanctan-

870 2325 891 2354 2
910 2331 935 2354 E
