<?xml version="1.0" encoding="UTF-8"?>
<!DOCTYPE html PUBLIC "-//W3C//DTD XHTML 1.0 Transitional//EN"
    "http://www.w3.org/TR/xhtml1/DTD/xhtml1-transitional.dtd">
<html xmlns="http://www.w3.org/1999/xhtml" xml:lang="en" lang="en">
 <head>
  <title>
</title>
<meta http-equiv="Content-Type" content="text/html;charset=utf-8" />
  <meta name='ocr-system' content='tesseract 3.04.00' />
  <meta name='ocr-capabilities' content='ocr_page ocr_carea ocr_par ocr_line ocrx_word'/>
</head>
<body>
  <div class='ocr_page' id='page_1' title='image "./thomaedempsterih00bann_0400.png"; bbox 0 0 1861 2682; ppageno 0'>
   <div class='ocr_carea' id='block_1_1' title="bbox 237 226 1227 261">
    <p class='ocr_par' dir='ltr' id='par_1_1' title="bbox 237 226 1227 261">
     <span class='ocr_line' id='line_1_1' title="bbox 237 226 1227 261; baseline 0.006 -6"><span class='ocrx_word' id='word_1_1' title='bbox 237 227 299 256; x_wconf 70' lang='lat'>320</span> <span class='ocrx_word' id='word_1_2' title='bbox 608 226 837 259; x_wconf 87' lang='lat' dir='ltr'>HISTORIA</span> <span class='ocrx_word' id='word_1_3' title='bbox 861 228 1227 261; x_wconf 89' lang='lat' dir='ltr'>ECCLESIASTICA</span> 
     </span>
    </p>
   </div>
   <div class='ocr_carea' id='block_1_2' title="bbox 237 318 1603 1527">
    <p class='ocr_par' dir='ltr' id='par_1_2' title="bbox 237 318 1603 1527">
     <span class='ocr_line' id='line_1_2' title="bbox 241 318 1601 364; baseline 0.004 -14"><span class='ocrx_word' id='word_1_4' title='bbox 241 318 466 351; x_wconf 83' lang='lat' dir='ltr'>Marcellam:</span> <span class='ocrx_word' id='word_1_5' title='bbox 494 323 514 337; x_wconf 79' lang='lat'>‘⁶</span> <span class='ocrx_word' id='word_1_6' title='bbox 533 318 614 351; x_wconf 87' lang='lat' dir='ltr'>Flos</span> <span class='ocrx_word' id='word_1_7' title='bbox 633 319 785 362; x_wconf 87' lang='lat' dir='ltr'>quidam,</span> <span class='ocrx_word' id='word_1_8' title='bbox 812 323 847 351; x_wconf 86' lang='lat' dir='ltr'>et</span> <span class='ocrx_word' id='word_1_9' title='bbox 864 320 1136 361; x_wconf 86' lang='lat' dir='ltr'>pretiosissimus</span> <span class='ocrx_word' id='word_1_10' title='bbox 1153 321 1241 364; x_wconf 85' lang='lat' dir='ltr'>lapis</span> <span class='ocrx_word' id='word_1_11' title='bbox 1259 321 1351 353; x_wconf 89' lang='lat' dir='ltr'>inter</span> <span class='ocrx_word' id='word_1_12' title='bbox 1374 323 1601 356; x_wconf 85' lang='lat' dir='ltr'>ecclesiastiea</span> 
     </span>
     <span class='ocr_line' id='line_1_3' title="bbox 239 374 1599 420; baseline 0.003 -13"><span class='ocrx_word' id='word_1_13' title='bbox 239 378 444 408; x_wconf 88' lang='lat' dir='ltr'>ornamenta</span> <span class='ocrx_word' id='word_1_14' title='bbox 461 374 709 407; x_wconf 89' lang='lat' dir='ltr'>monachorum</span> <span class='ocrx_word' id='word_1_15' title='bbox 727 379 762 406; x_wconf 89' lang='lat' dir='ltr'>et</span> <span class='ocrx_word' id='word_1_16' title='bbox 779 374 957 418; x_wconf 86' lang='lat' dir='ltr'>virginum</span> <span class='ocrx_word' id='word_1_17' title='bbox 975 375 1100 408; x_wconf 87' lang='lat' dir='ltr'>chorus</span> <span class='ocrx_word' id='word_1_18' title='bbox 1123 381 1185 414; x_wconf 88' lang='lat' dir='ltr'>est,</span> <span class='ocrx_word' id='word_1_19' title='bbox 1212 376 1409 420; x_wconf 88' lang='lat' dir='ltr'>quicunque</span> <span class='ocrx_word' id='word_1_20' title='bbox 1435 377 1541 411; x_wconf 87' lang='lat' dir='ltr'>fuerit</span> <span class='ocrx_word' id='word_1_21' title='bbox 1562 379 1599 410; x_wconf 92' lang='lat' dir='ltr'>in</span> 
     </span>
     <span class='ocr_line' id='line_1_4' title="bbox 241 429 1600 472; baseline 0.003 -10"><span class='ocrx_word' id='word_1_22' title='bbox 241 430 356 463; x_wconf 88' lang='lat' dir='ltr'>Gallia</span> <span class='ocrx_word' id='word_1_23' title='bbox 372 429 528 472; x_wconf 88' lang='lat' dir='ltr'>primus:</span> <span class='ocrx_word' id='word_1_24' title='bbox 546 429 614 462; x_wconf 89' lang='lat' dir='ltr'>huc</span> <span class='ocrx_word' id='word_1_25' title='bbox 636 434 799 472; x_wconf 80' lang='lat' dir='ltr'><strong>properat</strong></span> <span class='ocrx_word' id='word_1_26' title='bbox 823 430 955 463; x_wconf 90' lang='lat' dir='ltr'>divisus</span> <span class='ocrx_word' id='word_1_27' title='bbox 981 431 1025 464; x_wconf 85' lang='lat' dir='ltr'>ab</span> <span class='ocrx_word' id='word_1_28' title='bbox 1050 431 1131 464; x_wconf 92' lang='lat' dir='ltr'>orbe</span> <span class='ocrx_word' id='word_1_29' title='bbox 1154 436 1275 464; x_wconf 89' lang='lat' dir='ltr'>nostro</span> <span class='ocrx_word' id='word_1_30' title='bbox 1291 431 1496 472; x_wconf 85' lang='lat' dir='ltr'>Britannus,</span> <span class='ocrx_word' id='word_1_31' title='bbox 1516 434 1545 466; x_wconf 90' lang='lat' dir='ltr'>si</span> <span class='ocrx_word' id='word_1_32' title='bbox 1564 434 1600 466; x_wconf 89' lang='lat' dir='ltr'>in</span> 
     </span>
     <span class='ocr_line' id='line_1_5' title="bbox 241 485 1600 531; baseline 0.003 -13"><span class='ocrx_word' id='word_1_33' title='bbox 241 485 408 529; x_wconf 84' lang='lat' dir='ltr'>religione</span> <span class='ocrx_word' id='word_1_34' title='bbox 426 485 654 529; x_wconf 84' lang='lat' dir='ltr'>processerit3</span> <span class='ocrx_word' id='word_1_35' title='bbox 683 485 824 518; x_wconf 92' lang='lat' dir='ltr'>occiduo</span> <span class='ocrx_word' id='word_1_36' title='bbox 842 487 912 518; x_wconf 88' lang='lat' dir='ltr'>sole</span> <span class='ocrx_word' id='word_1_37' title='bbox 937 487 1090 526; x_wconf 89' lang='lat' dir='ltr'>dimisso,</span> <span class='ocrx_word' id='word_1_38' title='bbox 1116 488 1253 531; x_wconf 91' lang='lat' dir='ltr'>quaerit</span> <span class='ocrx_word' id='word_1_39' title='bbox 1278 488 1391 522; x_wconf 88' lang='lat' dir='ltr'>Iocum</span> <span class='ocrx_word' id='word_1_40' title='bbox 1416 488 1510 521; x_wconf 84' lang='lat' dir='ltr'>fama</span> <span class='ocrx_word' id='word_1_41' title='bbox 1536 489 1600 522; x_wconf 86' lang='lat' dir='ltr'>sibi</span> 
     </span>
     <span class='ocr_line' id='line_1_6' title="bbox 242 542 1601 587; baseline 0.004 -14"><span class='ocrx_word' id='word_1_42' title='bbox 242 545 379 573; x_wconf 88' lang='lat' dir='ltr'>tantum</span> <span class='ocrx_word' id='word_1_43' title='bbox 399 546 434 574; x_wconf 90' lang='lat' dir='ltr'>et</span> <span class='ocrx_word' id='word_1_44' title='bbox 451 542 702 585; x_wconf 87' lang='lat' dir='ltr'>scripturarum</span> <span class='ocrx_word' id='word_1_45' title='bbox 721 542 887 574; x_wconf 87' lang='lat' dir='ltr'>relatione</span> <span class='ocrx_word' id='word_1_46' title='bbox 906 543 1116 587; x_wconf 87' lang='lat' dir='ltr'>cognitum.&#39;’</span> <span class='ocrx_word' id='word_1_47' title='bbox 1156 543 1207 576; x_wconf 90' lang='lat' dir='ltr'>Ut</span> <span class='ocrx_word' id='word_1_48' title='bbox 1224 544 1266 576; x_wconf 92' lang='lat' dir='ltr'>de</span> <span class='ocrx_word' id='word_1_49' title='bbox 1283 554 1319 577; x_wconf 89' lang='lat' dir='ltr'>se</span> <span class='ocrx_word' id='word_1_50' title='bbox 1337 544 1421 578; x_wconf 88' lang='lat' dir='ltr'>haec</span> <span class='ocrx_word' id='word_1_51' title='bbox 1434 545 1526 578; x_wconf 88' lang='lat' dir='ltr'>dicta</span> <span class='ocrx_word' id='word_1_52' title='bbox 1540 551 1601 578; x_wconf 86' lang='lat' dir='ltr'>aut</span> 
     </span>
     <span class='ocr_line' id='line_1_7' title="bbox 239 596 1602 644; baseline 0.004 -15"><span class='ocrx_word' id='word_1_53' title='bbox 239 597 430 641; x_wconf 86' lang='lat' dir='ltr'>majoribus</span> <span class='ocrx_word' id='word_1_54' title='bbox 448 598 520 631; x_wconf 91' lang='lat' dir='ltr'>suis</span> <span class='ocrx_word' id='word_1_55' title='bbox 546 597 741 635; x_wconf 89' lang='lat' dir='ltr'>Britannis,</span> <span class='ocrx_word' id='word_1_56' title='bbox 766 596 875 641; x_wconf 85' lang='lat' dir='ltr'>Angli</span> <span class='ocrx_word' id='word_1_57' title='bbox 902 599 1121 638; x_wconf 83' lang='lat' dir='ltr'>contendant,</span> <span class='ocrx_word' id='word_1_58' title='bbox 1145 610 1208 644; x_wconf 89' lang='lat' dir='ltr'>ego</span> <span class='ocrx_word' id='word_1_59' title='bbox 1234 611 1305 633; x_wconf 87' lang='lat' dir='ltr'>non</span> <span class='ocrx_word' id='word_1_60' title='bbox 1330 601 1430 634; x_wconf 91' lang='lat' dir='ltr'>video</span> <span class='ocrx_word' id='word_1_61' title='bbox 1456 612 1518 634; x_wconf 92' lang='lat' dir='ltr'>cur</span> <span class='ocrx_word' id='word_1_62' title='bbox 1543 611 1602 633; x_wconf 86' lang='lat' dir='ltr'>ex-</span> 
     </span>
     <span class='ocr_line' id='line_1_8' title="bbox 241 652 1602 700; baseline 0.004 -15"><span class='ocrx_word' id='word_1_63' title='bbox 241 653 334 685; x_wconf 87' lang='lat' dir='ltr'>cludi</span> <span class='ocrx_word' id='word_1_64' title='bbox 352 653 475 686; x_wconf 91' lang='lat' dir='ltr'>debeat</span> <span class='ocrx_word' id='word_1_65' title='bbox 492 653 619 686; x_wconf 88' lang='lat' dir='ltr'>Scotia.</span> <span class='ocrx_word' id='word_1_66' title='bbox 655 652 722 685; x_wconf 87' lang='lat' dir='ltr'>Sed</span> <span class='ocrx_word' id='word_1_67' title='bbox 741 653 782 685; x_wconf 93' lang='lat' dir='ltr'>de</span> <span class='ocrx_word' id='word_1_68' title='bbox 800 657 874 686; x_wconf 89' lang='lat' dir='ltr'>tota</span> <span class='ocrx_word' id='word_1_69' title='bbox 891 653 955 686; x_wconf 87' lang='lat' dir='ltr'>hac</span> <span class='ocrx_word' id='word_1_70' title='bbox 973 653 1242 698; x_wconf 88' lang='lat' dir='ltr'>Hieronymiani</span> <span class='ocrx_word' id='word_1_71' title='bbox 1259 656 1487 689; x_wconf 81' lang='lat' dir='ltr'>monachismi</span> <span class='ocrx_word' id='word_1_72' title='bbox 1506 668 1602 700; x_wconf 87' lang='lat' dir='ltr'>prae-</span> 
     </span>
     <span class='ocr_line' id='line_1_9' title="bbox 239 707 1602 754; baseline 0.004 -14"><span class='ocrx_word' id='word_1_73' title='bbox 239 709 380 747; x_wconf 85' lang='lat' dir='ltr'>stantia,</span> <span class='ocrx_word' id='word_1_74' title='bbox 408 709 640 747; x_wconf 90' lang='lat' dir='ltr'>institutione,</span> <span class='ocrx_word' id='word_1_75' title='bbox 667 707 926 742; x_wconf 88' lang='lat' dir='ltr'>confirmatione</span> <span class='ocrx_word' id='word_1_76' title='bbox 952 710 996 742; x_wconf 84' lang='lat' dir='ltr'>ad</span> <span class='ocrx_word' id='word_1_77' title='bbox 1022 715 1180 744; x_wconf 89' lang='lat' dir='ltr'>sanctum</span> <span class='ocrx_word' id='word_1_78' title='bbox 1203 711 1435 754; x_wconf 85' lang='lat' dir='ltr'>sepulchrum,</span> <span class='ocrx_word' id='word_1_79' title='bbox 1462 714 1530 745; x_wconf 89' lang='lat' dir='ltr'>late</span> <span class='ocrx_word' id='word_1_80' title='bbox 1548 714 1602 745; x_wconf 80' lang='lat' dir='ltr'>vir</span> 
     </span>
     <span class='ocr_line' id='line_1_10' title="bbox 239 764 1600 811; baseline 0.004 -15"><span class='ocrx_word' id='word_1_81' title='bbox 239 764 495 797; x_wconf 88' lang='lat' dir='ltr'>eruditissimus</span> <span class='ocrx_word' id='word_1_82' title='bbox 525 764 611 797; x_wconf 88' lang='lat' dir='ltr'>Pius</span> <span class='ocrx_word' id='word_1_83' title='bbox 638 764 782 797; x_wconf 90' lang='lat' dir='ltr'>Rubeus</span> <span class='ocrx_word' id='word_1_84' title='bbox 809 764 1044 806; x_wconf 85' lang='lat' dir='ltr'>Placentinus,</span> <span class='ocrx_word' id='word_1_85' title='bbox 1072 766 1227 811; x_wconf 85' lang='lat' dir='ltr'>ejusdem</span> <span class='ocrx_word' id='word_1_86' title='bbox 1253 767 1406 800; x_wconf 86' lang='lat' dir='ltr'>familiae</span> <span class='ocrx_word' id='word_1_87' title='bbox 1430 774 1539 811; x_wconf 87' lang='lat' dir='ltr'>pater,</span> <span class='ocrx_word' id='word_1_88' title='bbox 1566 769 1600 801; x_wconf 87' lang='lat' dir='ltr'>S.</span> 
     </span>
     <span class='ocr_line' id='line_1_11' title="bbox 239 819 1601 868; baseline 0.004 -16"><span class='ocrx_word' id='word_1_89' title='bbox 239 819 455 863; x_wconf 88' lang='lat' dir='ltr'>Carpophori</span> <span class='ocrx_word' id='word_1_90' title='bbox 473 820 581 863; x_wconf 91' lang='lat' dir='ltr'>prior,</span> <span class='ocrx_word' id='word_1_91' title='bbox 600 820 637 852; x_wconf 92' lang='lat' dir='ltr'>in</span> <span class='ocrx_word' id='word_1_92' title='bbox 656 819 924 854; x_wconf 85' lang='lat' dir='ltr'>Commentariis</span> <span class='ocrx_word' id='word_1_93' title='bbox 942 822 979 854; x_wconf 92' lang='lat' dir='ltr'>in</span> <span class='ocrx_word' id='word_1_94' title='bbox 1000 822 1070 855; x_wconf 88' lang='lat' dir='ltr'>Res</span> <span class='ocrx_word' id='word_1_95' title='bbox 1088 828 1203 867; x_wconf 88' lang='lat' dir='ltr'>gestas</span> <span class='ocrx_word' id='word_1_96' title='bbox 1222 823 1257 856; x_wconf 88' lang='lat' dir='ltr'>S.</span> <span class='ocrx_word' id='word_1_97' title='bbox 1278 822 1496 868; x_wconf 84' lang='lat' dir='ltr'>Hieronymi,</span> <span class='ocrx_word' id='word_1_98' title='bbox 1515 835 1601 867; x_wconf 89' lang='lat' dir='ltr'>quos</span> 
     </span>
     <span class='ocr_line' id='line_1_12' title="bbox 241 875 1603 921; baseline 0.004 -13"><span class='ocrx_word' id='word_1_99' title='bbox 241 875 341 908; x_wconf 90' lang='lat' dir='ltr'>Comi</span> <span class='ocrx_word' id='word_1_100' title='bbox 360 876 470 909; x_wconf 89' lang='lat' dir='ltr'>editos</span> <span class='ocrx_word' id='word_1_101' title='bbox 489 877 566 921; x_wconf 86' lang='lat' dir='ltr'>lego</span> <span class='ocrx_word' id='word_1_102' title='bbox 584 877 675 909; x_wconf 86' lang='lat' dir='ltr'>dono</span> <span class='ocrx_word' id='word_1_103' title='bbox 698 881 732 909; x_wconf 89' lang='lat' dir='ltr'>et</span> <span class='ocrx_word' id='word_1_104' title='bbox 756 876 993 910; x_wconf 90' lang='lat' dir='ltr'>munificentia</span> <span class='ocrx_word' id='word_1_105' title='bbox 1011 886 1047 910; x_wconf 80' lang='lat' dir='ltr'>v.</span> <span class='ocrx_word' id='word_1_106' title='bbox 1067 886 1128 910; x_wconf 86' lang='lat' dir='ltr'>CL.</span> <span class='ocrx_word' id='word_1_107' title='bbox 1152 878 1314 912; x_wconf 83' lang='lat' dir='ltr'>Bassiani</span> <span class='ocrx_word' id='word_1_108' title='bbox 1339 878 1437 912; x_wconf 86' lang='lat' dir='ltr'>Gatti</span> <span class='ocrx_word' id='word_1_109' title='bbox 1461 879 1603 913; x_wconf 88' lang='lat' dir='ltr'>Placen-</span> 
     </span>
     <span class='ocr_line' id='line_1_13' title="bbox 239 931 1599 976; baseline 0.003 -12"><span class='ocrx_word' id='word_1_110' title='bbox 239 932 315 971; x_wconf 89' lang='lat' dir='ltr'>tini,</span> <span class='ocrx_word' id='word_1_111' title='bbox 335 932 457 964; x_wconf 89' lang='lat' dir='ltr'>itidem</span> <span class='ocrx_word' id='word_1_112' title='bbox 484 931 753 976; x_wconf 84' lang='lat' dir='ltr'>Hieronymiani</span> <span class='ocrx_word' id='word_1_113' title='bbox 777 932 937 965; x_wconf 90' lang='lat' dir='ltr'>monachi</span> <span class='ocrx_word' id='word_1_114' title='bbox 960 934 1003 966; x_wconf 86' lang='lat' dir='ltr'>ad</span> <span class='ocrx_word' id='word_1_115' title='bbox 1028 933 1062 967; x_wconf 90' lang='lat' dir='ltr'>S.</span> <span class='ocrx_word' id='word_1_116' title='bbox 1083 934 1288 967; x_wconf 86' lang='lat' dir='ltr'>Barbatiani</span> <span class='ocrx_word' id='word_1_117' title='bbox 1315 934 1504 974; x_wconf 91' lang='lat' dir='ltr'>Bononiae,</span> <span class='ocrx_word' id='word_1_118' title='bbox 1532 937 1599 974; x_wconf 93' lang='lat' dir='ltr'>cui,</span> 
     </span>
     <span class='ocr_line' id='line_1_14' title="bbox 237 987 1601 1034; baseline 0.003 -14"><span class='ocrx_word' id='word_1_119' title='bbox 237 992 278 1021; x_wconf 91' lang='lat' dir='ltr'>ut</span> <span class='ocrx_word' id='word_1_120' title='bbox 296 987 361 1020; x_wconf 89' lang='lat' dir='ltr'>toti</span> <span class='ocrx_word' id='word_1_121' title='bbox 379 988 431 1020; x_wconf 90' lang='lat' dir='ltr'>ilLi</span> <span class='ocrx_word' id='word_1_122' title='bbox 449 988 579 1027; x_wconf 90' lang='lat' dir='ltr'>domui,</span> <span class='ocrx_word' id='word_1_123' title='bbox 598 989 749 1031; x_wconf 89' lang='lat' dir='ltr'>plurima</span> <span class='ocrx_word' id='word_1_124' title='bbox 771 999 826 1021; x_wconf 90' lang='lat' dir='ltr'>me</span> <span class='ocrx_word' id='word_1_125' title='bbox 844 988 976 1028; x_wconf 90' lang='lat' dir='ltr'>debere,</span> <span class='ocrx_word' id='word_1_126' title='bbox 1002 989 1086 1023; x_wconf 86' lang='lat' dir='ltr'>haec</span> <span class='ocrx_word' id='word_1_127' title='bbox 1108 991 1286 1023; x_wconf 85' lang='lat' dir='ltr'>attestatio</span> <span class='ocrx_word' id='word_1_128' title='bbox 1310 991 1482 1034; x_wconf 88' lang='lat' dir='ltr'>loquetur.</span> <span class='ocrx_word' id='word_1_129' title='bbox 1534 991 1601 1024; x_wconf 86' lang='lat' dir='ltr'>Sed</span> 
     </span>
     <span class='ocr_line' id='line_1_15' title="bbox 237 1044 1602 1089; baseline 0.003 -13"><span class='ocrx_word' id='word_1_130' title='bbox 237 1045 280 1077; x_wconf 84' lang='lat' dir='ltr'>ad</span> <span class='ocrx_word' id='word_1_131' title='bbox 299 1044 473 1077; x_wconf 88' lang='lat' dir='ltr'>Grantum</span> <span class='ocrx_word' id='word_1_132' title='bbox 490 1045 603 1083; x_wconf 89' lang='lat' dir='ltr'>redeo,</span> <span class='ocrx_word' id='word_1_133' title='bbox 623 1045 683 1088; x_wconf 91' lang='lat' dir='ltr'>qui</span> <span class='ocrx_word' id='word_1_134' title='bbox 703 1045 834 1078; x_wconf 90' lang='lat' dir='ltr'>ordinis</span> <span class='ocrx_word' id='word_1_135' title='bbox 852 1045 906 1078; x_wconf 90' lang='lat' dir='ltr'>sui</span> <span class='ocrx_word' id='word_1_136' title='bbox 924 1055 986 1088; x_wconf 92' lang='lat' dir='ltr'>per</span> <span class='ocrx_word' id='word_1_137' title='bbox 1010 1045 1161 1079; x_wconf 89' lang='lat' dir='ltr'>Scotiam</span> <span class='ocrx_word' id='word_1_138' title='bbox 1187 1047 1411 1089; x_wconf 86' lang='lat' dir='ltr'>provincialis</span> <span class='ocrx_word' id='word_1_139' title='bbox 1435 1058 1602 1080; x_wconf 85' lang='lat' dir='ltr'>memora-</span> 
     </span>
     <span class='ocr_line' id='line_1_16' title="bbox 238 1101 1600 1145; baseline 0.003 -13"><span class='ocrx_word' id='word_1_140' title='bbox 238 1105 308 1139; x_wconf 90' lang='lat' dir='ltr'>tur,</span> <span class='ocrx_word' id='word_1_141' title='bbox 326 1111 365 1133; x_wconf 91' lang='lat' dir='ltr'>ac</span> <span class='ocrx_word' id='word_1_142' title='bbox 383 1101 574 1133; x_wconf 88' lang='lat' dir='ltr'>multarum</span> <span class='ocrx_word' id='word_1_143' title='bbox 596 1101 738 1134; x_wconf 91' lang='lat' dir='ltr'>utilium</span> <span class='ocrx_word' id='word_1_144' title='bbox 763 1112 882 1134; x_wconf 90' lang='lat' dir='ltr'>rerum</span> <span class='ocrx_word' id='word_1_145' title='bbox 907 1102 1055 1145; x_wconf 84' lang='lat' dir='ltr'>scriptor</span> <span class='ocrx_word' id='word_1_146' title='bbox 1080 1103 1364 1142; x_wconf 57' lang='lat' dir='ltr'>commendatum</span> <span class='ocrx_word' id='word_1_147' title='bbox 1392 1108 1426 1136; x_wconf 88' lang='lat' dir='ltr'>et</span> <span class='ocrx_word' id='word_1_148' title='bbox 1452 1114 1534 1136; x_wconf 90' lang='lat' dir='ltr'>vero</span> <span class='ocrx_word' id='word_1_149' title='bbox 1559 1104 1600 1136; x_wconf 83' lang='lat' dir='ltr'>de</span> 
     </span>
     <span class='ocr_line' id='line_1_17' title="bbox 237 1156 1599 1201; baseline 0.001 -12"><span class='ocrx_word' id='word_1_150' title='bbox 237 1156 479 1189; x_wconf 87' lang='lat' dir='ltr'>Bethleemitis</span> <span class='ocrx_word' id='word_1_151' title='bbox 497 1157 694 1196; x_wconf 89' lang='lat' dir='ltr'>dolendum,</span> <span class='ocrx_word' id='word_1_152' title='bbox 713 1158 784 1201; x_wconf 90' lang='lat' dir='ltr'>qui,</span> <span class='ocrx_word' id='word_1_153' title='bbox 805 1168 883 1190; x_wconf 89' lang='lat' dir='ltr'>cum</span> <span class='ocrx_word' id='word_1_154' title='bbox 902 1158 973 1191; x_wconf 90' lang='lat' dir='ltr'>sint</span> <span class='ocrx_word' id='word_1_155' title='bbox 990 1158 1224 1201; x_wconf 86' lang='lat' dir='ltr'>antiquissimi</span> <span class='ocrx_word' id='word_1_156' title='bbox 1243 1158 1379 1201; x_wconf 87' lang='lat' dir='ltr'>abipso</span> <span class='ocrx_word' id='word_1_157' title='bbox 1403 1158 1437 1192; x_wconf 91' lang='lat' dir='ltr'>S.</span> <span class='ocrx_word' id='word_1_158' title='bbox 1462 1159 1599 1192; x_wconf 88' lang='lat' dir='ltr'>doctore</span> 
     </span>
     <span class='ocr_line' id='line_1_18' title="bbox 238 1213 1597 1257; baseline 0.003 -13"><span class='ocrx_word' id='word_1_159' title='bbox 238 1213 403 1251; x_wconf 82' lang='lat' dir='ltr'>instituti,</span> <span class='ocrx_word' id='word_1_160' title='bbox 422 1217 463 1246; x_wconf 86' lang='lat' dir='ltr'>ut</span> <span class='ocrx_word' id='word_1_161' title='bbox 480 1213 630 1250; x_wconf 91' lang='lat' dir='ltr'>videtur,</span> <span class='ocrx_word' id='word_1_162' title='bbox 649 1214 842 1246; x_wconf 87' lang='lat' dir='ltr'>incredibili</span> <span class='ocrx_word' id='word_1_163' title='bbox 861 1214 987 1246; x_wconf 87' lang='lat' dir='ltr'>damno</span> <span class='ocrx_word' id='word_1_164' title='bbox 1004 1225 1111 1257; x_wconf 89' lang='lat' dir='ltr'>paene</span> <span class='ocrx_word' id='word_1_165' title='bbox 1130 1214 1166 1246; x_wconf 94' lang='lat' dir='ltr'>in</span> <span class='ocrx_word' id='word_1_166' title='bbox 1192 1214 1344 1248; x_wconf 84' lang='lat' dir='ltr'>tenebris</span> <span class='ocrx_word' id='word_1_167' title='bbox 1363 1215 1597 1252; x_wconf 65' lang='lat' dir='ltr'>delituerunt:</span> 
     </span>
     <span class='ocr_line' id='line_1_19' title="bbox 237 1269 1596 1312; baseline 0 -10"><span class='ocrx_word' id='word_1_168' title='bbox 237 1279 299 1302; x_wconf 88' lang='lat' dir='ltr'>nec</span> <span class='ocrx_word' id='word_1_169' title='bbox 316 1270 426 1302; x_wconf 92' lang='lat' dir='ltr'>ullum</span> <span class='ocrx_word' id='word_1_170' title='bbox 445 1270 482 1302; x_wconf 90' lang='lat' dir='ltr'>in</span> <span class='ocrx_word' id='word_1_171' title='bbox 500 1269 615 1302; x_wconf 86' lang='lat' dir='ltr'>Scotia</span> <span class='ocrx_word' id='word_1_172' title='bbox 635 1270 837 1303; x_wconf 90' lang='lat' dir='ltr'>coenobium</span> <span class='ocrx_word' id='word_1_173' title='bbox 856 1281 987 1308; x_wconf 92' lang='lat' dir='ltr'>eorum,</span> <span class='ocrx_word' id='word_1_174' title='bbox 1001 1274 1138 1312; x_wconf 89' lang='lat' dir='ltr'>praeter</span> <span class='ocrx_word' id='word_1_175' title='bbox 1151 1270 1216 1303; x_wconf 87' lang='lat' dir='ltr'>hoc</span> <span class='ocrx_word' id='word_1_176' title='bbox 1229 1281 1349 1309; x_wconf 89' lang='lat' dir='ltr'>unum,</span> <span class='ocrx_word' id='word_1_177' title='bbox 1364 1270 1451 1303; x_wconf 92' lang='lat' dir='ltr'>mihi</span> <span class='ocrx_word' id='word_1_178' title='bbox 1464 1275 1596 1303; x_wconf 86' lang='lat' dir='ltr'>notum.</span> 
     </span>
     <span class='ocr_line' id='line_1_20' title="bbox 237 1326 1470 1370; baseline 0.001 -12"><span class='ocrx_word' id='word_1_179' title='bbox 237 1336 299 1358; x_wconf 91' lang='lat' dir='ltr'>nec</span> <span class='ocrx_word' id='word_1_180' title='bbox 317 1337 359 1358; x_wconf 85' lang='lat' dir='ltr'>ex</span> <span class='ocrx_word' id='word_1_181' title='bbox 378 1326 456 1364; x_wconf 90' lang='lat' dir='ltr'>isto,</span> <span class='ocrx_word' id='word_1_182' title='bbox 475 1337 538 1369; x_wconf 89' lang='lat' dir='ltr'>per</span> <span class='ocrx_word' id='word_1_183' title='bbox 555 1330 608 1359; x_wconf 89' lang='lat' dir='ltr'>tot</span> <span class='ocrx_word' id='word_1_184' title='bbox 626 1327 750 1365; x_wconf 86' lang='lat' dir='ltr'>secula,</span> <span class='ocrx_word' id='word_1_185' title='bbox 771 1327 945 1369; x_wconf 85' lang='lat' dir='ltr'>quispiam</span> <span class='ocrx_word' id='word_1_186' title='bbox 963 1326 1052 1359; x_wconf 88' lang='lat' dir='ltr'>alius</span> <span class='ocrx_word' id='word_1_187' title='bbox 1070 1326 1270 1359; x_wconf 88' lang='lat' dir='ltr'>celebretur.</span> <span class='ocrx_word' id='word_1_188' title='bbox 1324 1326 1470 1370; x_wconf 87' lang='lat' dir='ltr'>Scripsit</span> 
     </span>
     <span class='ocr_line' id='line_1_21' title="bbox 383 1381 1257 1415; baseline 0 -1"><span class='ocrx_word' id='word_1_189' title='bbox 383 1381 437 1415; x_wconf 88' lang='lat' dir='ltr'>De</span> <span class='ocrx_word' id='word_1_190' title='bbox 455 1382 708 1415; x_wconf 84' lang='lat' dir='ltr'>Wiclefitarum</span> <span class='ocrx_word' id='word_1_191' title='bbox 728 1382 879 1415; x_wconf 85' lang='lat' dir='ltr'>Perfidia</span> <span class='ocrx_word' id='word_1_192' title='bbox 1153 1382 1213 1414; x_wconf 86' lang='lat' dir='ltr'>lib.</span> <span class='ocrx_word' id='word_1_193' title='bbox 1234 1391 1257 1414; x_wconf 93' lang='lat'>1.</span> 
     </span>
     <span class='ocr_line' id='line_1_22' title="bbox 382 1437 1258 1483; baseline 0 -13"><span class='ocrx_word' id='word_1_194' title='bbox 382 1437 514 1471; x_wconf 88' lang='lat' dir='ltr'>Contra</span> <span class='ocrx_word' id='word_1_195' title='bbox 532 1438 711 1483; x_wconf 87' lang='lat' dir='ltr'>Begardos</span> <span class='ocrx_word' id='word_1_196' title='bbox 1152 1438 1212 1471; x_wconf 90' lang='lat' dir='ltr'>lib.</span> <span class='ocrx_word' id='word_1_197' title='bbox 1234 1446 1258 1470; x_wconf 88' lang='grc' dir='ltr'>Ι.</span> 
     </span>
     <span class='ocr_line' id='line_1_23' title="bbox 287 1494 746 1527; baseline 0.002 -2"><span class='ocrx_word' id='word_1_198' title='bbox 287 1494 425 1526; x_wconf 86' lang='lat' dir='ltr'>Floruit</span> <span class='ocrx_word' id='word_1_199' title='bbox 445 1505 536 1527; x_wconf 88' lang='lat' dir='ltr'>anno</span> <span class='ocrx_word' id='word_1_200' title='bbox 555 1502 746 1527; x_wconf 69' lang='lat' dir='ltr'><strong>MCCCLIV.</strong></span> 
     </span>
    </p>
   </div>
   <div class='ocr_carea' id='block_1_3' title="bbox 563 1604 1270 1642">
    <p class='ocr_par' dir='ltr' id='par_1_3' title="bbox 563 1604 1270 1642">
     <span class='ocr_line' id='line_1_24' title="bbox 563 1604 1270 1642; baseline -0.001 -4"><span class='ocrx_word' id='word_1_201' title='bbox 563 1605 831 1639; x_wconf 83' lang='lat' dir='ltr'>PATRICIUS</span> <span class='ocrx_word' id='word_1_202' title='bbox 857 1604 1136 1639; x_wconf 87' lang='lat' dir='ltr'><strong>GORDONUS.</strong></span> <span class='ocrx_word' id='word_1_203' title='bbox 1189 1607 1270 1642; x_wconf 88' lang='lat'><strong>595.</strong></span> 
     </span>
    </p>
   </div>
   <div class='ocr_carea' id='block_1_4' title="bbox 240 1716 1546 1869">
    <p class='ocr_par' dir='ltr' id='par_1_4' title="bbox 240 1716 1546 1869">
     <span class='ocr_line' id='line_1_25' title="bbox 240 1716 1546 1762; baseline 0.001 -13"><span class='ocrx_word' id='word_1_204' title='bbox 240 1717 459 1750; x_wconf 84' lang='lat' dir='ltr'>PATRICIUS</span> <span class='ocrx_word' id='word_1_205' title='bbox 479 1716 674 1756; x_wconf 91' lang='lat' dir='ltr'>Gordonus,</span> <span class='ocrx_word' id='word_1_206' title='bbox 693 1718 798 1762; x_wconf 83' lang='lat' dir='ltr'>regiis</span> <span class='ocrx_word' id='word_1_207' title='bbox 817 1728 922 1762; x_wconf 84' lang='lat' dir='ltr'>agens</span> <span class='ocrx_word' id='word_1_208' title='bbox 941 1718 977 1749; x_wconf 90' lang='lat' dir='ltr'>in</span> <span class='ocrx_word' id='word_1_209' title='bbox 995 1717 1098 1750; x_wconf 92' lang='lat' dir='ltr'>rebus</span> <span class='ocrx_word' id='word_1_210' title='bbox 1117 1717 1209 1760; x_wconf 87' lang='lat' dir='ltr'>apud</span> <span class='ocrx_word' id='word_1_211' title='bbox 1228 1716 1389 1757; x_wconf 91' lang='lat' dir='ltr'>Polonos,</span> <span class='ocrx_word' id='word_1_212' title='bbox 1409 1717 1546 1760; x_wconf 85' lang='lat' dir='ltr'>scripsit</span> 
     </span>
     <span class='ocr_line' id='line_1_26' title="bbox 383 1772 1258 1817; baseline -0.001 -11"><span class='ocrx_word' id='word_1_213' title='bbox 383 1772 597 1817; x_wconf 87' lang='lat' dir='ltr'>Lachrymas</span> <span class='ocrx_word' id='word_1_214' title='bbox 616 1774 652 1805; x_wconf 91' lang='lat' dir='ltr'>in</span> <span class='ocrx_word' id='word_1_215' title='bbox 672 1773 809 1806; x_wconf 86' lang='lat' dir='ltr'>Funere</span> <span class='ocrx_word' id='word_1_216' title='bbox 828 1773 972 1806; x_wconf 84' lang='lat' dir='ltr'>Henrici</span> <span class='ocrx_word' id='word_1_217' title='bbox 1155 1772 1214 1805; x_wconf 91' lang='lat' dir='ltr'>lib.</span> <span class='ocrx_word' id='word_1_218' title='bbox 1234 1781 1258 1805; x_wconf 90' lang='grc' dir='ltr'>Ι.</span> 
     </span>
     <span class='ocr_line' id='line_1_27' title="bbox 286 1828 774 1869; baseline 0 -7"><span class='ocrx_word' id='word_1_219' title='bbox 286 1828 387 1862; x_wconf 85' lang='lat' dir='ltr'>Vivit</span> <span class='ocrx_word' id='word_1_220' title='bbox 405 1829 528 1869; x_wconf 88' lang='lat' dir='ltr'>adhuc,</span> <span class='ocrx_word' id='word_1_221' title='bbox 546 1833 586 1862; x_wconf 94' lang='lat' dir='ltr'>ut</span> <span class='ocrx_word' id='word_1_222' title='bbox 604 1830 774 1863; x_wconf 84' lang='lat' dir='ltr'>existimo.</span> 
     </span>
    </p>
   </div>
   <div class='ocr_carea' id='block_1_5' title="bbox 576 1939 1256 1976">
    <p class='ocr_par' dir='ltr' id='par_1_5' title="bbox 576 1939 1256 1976">
     <span class='ocr_line' id='line_1_28' title="bbox 576 1939 1256 1976; baseline -0.001 -2"><span class='ocrx_word' id='word_1_223' title='bbox 576 1940 869 1975; x_wconf 89' lang='lat' dir='ltr'><strong>GULIELMUS</strong></span> <span class='ocrx_word' id='word_1_224' title='bbox 894 1940 1122 1975; x_wconf 92' lang='lat' dir='ltr'><strong>GUILDUS.</strong></span> <span class='ocrx_word' id='word_1_225' title='bbox 1175 1939 1256 1976; x_wconf 90' lang='lat'><strong>596.</strong></span> 
     </span>
    </p>
   </div>
   <div class='ocr_carea' id='block_1_6' title="bbox 238 2053 1597 2318">
    <p class='ocr_par' dir='ltr' id='par_1_6' title="bbox 238 2053 1597 2318">
     <span class='ocr_line' id='line_1_29' title="bbox 239 2053 1597 2097; baseline 0 -10"><span class='ocrx_word' id='word_1_226' title='bbox 239 2054 483 2088; x_wconf 81' lang='lat' dir='ltr'><strong>GULIELMUS</strong></span> <span class='ocrx_word' id='word_1_227' title='bbox 513 2053 662 2087; x_wconf 90' lang='lat' dir='ltr'>Guildus</span> <span class='ocrx_word' id='word_1_228' title='bbox 691 2053 962 2093; x_wconf 89' lang='lat' dir='ltr'>Aberdonensis,</span> <span class='ocrx_word' id='word_1_229' title='bbox 994 2053 1195 2097; x_wconf 88' lang='lat' dir='ltr'>theologicis</span> <span class='ocrx_word' id='word_1_230' title='bbox 1223 2053 1349 2086; x_wconf 90' lang='lat' dir='ltr'>studiis</span> <span class='ocrx_word' id='word_1_231' title='bbox 1379 2063 1447 2086; x_wconf 91' lang='lat' dir='ltr'>non</span> <span class='ocrx_word' id='word_1_232' title='bbox 1474 2054 1597 2087; x_wconf 86' lang='lat' dir='ltr'>leviter</span> 
     </span>
     <span class='ocr_line' id='line_1_30' title="bbox 238 2109 1595 2153; baseline -0.001 -9"><span class='ocrx_word' id='word_1_233' title='bbox 238 2112 380 2149; x_wconf 83' lang='lat' dir='ltr'>tinctus,</span> <span class='ocrx_word' id='word_1_234' title='bbox 424 2115 464 2143; x_wconf 93' lang='lat' dir='ltr'>ut</span> <span class='ocrx_word' id='word_1_235' title='bbox 506 2121 618 2153; x_wconf 87' lang='lat' dir='ltr'>nuper</span> <span class='ocrx_word' id='word_1_236' title='bbox 659 2109 772 2142; x_wconf 87' lang='lat' dir='ltr'>Roma</span> <span class='ocrx_word' id='word_1_237' title='bbox 809 2110 972 2143; x_wconf 89' lang='lat' dir='ltr'>admonet</span> <span class='ocrx_word' id='word_1_238' title='bbox 1009 2110 1205 2142; x_wconf 85' lang='lat' dir='ltr'>adolescens</span> <span class='ocrx_word' id='word_1_239' title='bbox 1243 2109 1475 2148; x_wconf 89' lang='lat' dir='ltr'>doctissimus,</span> <span class='ocrx_word' id='word_1_240' title='bbox 1510 2110 1595 2142; x_wconf 91' lang='lat' dir='ltr'>civis</span> 
     </span>
     <span class='ocr_line' id='line_1_31' title="bbox 238 2165 1597 2209; baseline -0.001 -9"><span class='ocrx_word' id='word_1_241' title='bbox 238 2177 336 2200; x_wconf 86' lang='lat' dir='ltr'>meus</span> <span class='ocrx_word' id='word_1_242' title='bbox 368 2166 542 2200; x_wconf 88' lang='lat' dir='ltr'>Robertus</span> <span class='ocrx_word' id='word_1_243' title='bbox 570 2165 712 2204; x_wconf 90' lang='lat' dir='ltr'>Bodius,</span> <span class='ocrx_word' id='word_1_244' title='bbox 742 2170 926 2209; x_wconf 84' lang='lat' dir='ltr'>postquam</span> <span class='ocrx_word' id='word_1_245' title='bbox 951 2166 1105 2199; x_wconf 82' lang='lat' dir='ltr'>honestis</span> <span class='ocrx_word' id='word_1_246' title='bbox 1132 2166 1256 2198; x_wconf 89' lang='lat' dir='ltr'>studiis</span> <span class='ocrx_word' id='word_1_247' title='bbox 1283 2176 1344 2208; x_wconf 86' lang='lat' dir='ltr'>per</span> <span class='ocrx_word' id='word_1_248' title='bbox 1369 2165 1499 2198; x_wconf 85' lang='lat' dir='ltr'>Gallias</span> <span class='ocrx_word' id='word_1_249' title='bbox 1525 2167 1597 2199; x_wconf 82' lang='lat' dir='ltr'>ani—</span> 
     </span>
     <span class='ocr_line' id='line_1_32' title="bbox 239 2222 1596 2266; baseline -0.001 -10"><span class='ocrx_word' id='word_1_250' title='bbox 239 2234 336 2256; x_wconf 89' lang='lat' dir='ltr'>mum</span> <span class='ocrx_word' id='word_1_251' title='bbox 363 2223 576 2261; x_wconf 91' lang='lat' dir='ltr'>oblectasset,</span> <span class='ocrx_word' id='word_1_252' title='bbox 603 2222 744 2256; x_wconf 89' lang='lat' dir='ltr'>domum</span> <span class='ocrx_word' id='word_1_253' title='bbox 770 2222 883 2261; x_wconf 89' lang='lat' dir='ltr'>rediit,</span> <span class='ocrx_word' id='word_1_254' title='bbox 910 2233 949 2255; x_wconf 86' lang='grc'><strong>36</strong></span> <span class='ocrx_word' id='word_1_255' title='bbox 974 2223 1112 2265; x_wconf 88' lang='lat' dir='ltr'>scripsit</span> <span class='ocrx_word' id='word_1_256' title='bbox 1146 2222 1326 2264; x_wconf 82' lang='lat' dir='ltr'>quaedam,</span> <span class='ocrx_word' id='word_1_257' title='bbox 1353 2222 1412 2254; x_wconf 89' lang='lat' dir='ltr'>sed</span> <span class='ocrx_word' id='word_1_258' title='bbox 1438 2233 1501 2266; x_wconf 84' lang='lat' dir='ltr'>ego</span> <span class='ocrx_word' id='word_1_259' title='bbox 1527 2233 1596 2255; x_wconf 90' lang='lat' dir='ltr'>non</span> 
     </span>
     <span class='ocr_line' id='line_1_33' title="bbox 242 2279 482 2318; baseline 0 -7"><span class='ocrx_word' id='word_1_260' title='bbox 242 2280 313 2313; x_wconf 83' lang='lat' dir='ltr'>vidi</span> <span class='ocrx_word' id='word_1_261' title='bbox 330 2289 337 2312; x_wconf 90' lang='lat'>:</span> <span class='ocrx_word' id='word_1_262' title='bbox 363 2280 400 2312; x_wconf 90' lang='lat' dir='ltr'>in</span> <span class='ocrx_word' id='word_1_263' title='bbox 417 2279 482 2318; x_wconf 87' lang='lat' dir='ltr'>his,</span> 
     </span>
    </p>
   </div>
  </div>
 </body>
</html>
