<?xml version="1.0" encoding="UTF-8"?>
<!DOCTYPE html PUBLIC "-//W3C//DTD XHTML 1.0 Transitional//EN"
    "http://www.w3.org/TR/xhtml1/DTD/xhtml1-transitional.dtd">
<html xmlns="http://www.w3.org/1999/xhtml" xml:lang="en" lang="en">
 <head>
  <title>
</title>
<meta http-equiv="Content-Type" content="text/html;charset=utf-8" />
  <meta name='ocr-system' content='tesseract 3.04.00' />
  <meta name='ocr-capabilities' content='ocr_page ocr_carea ocr_par ocr_line ocrx_word'/>
</head>
<body>
  <div class='ocr_page' id='page_1' title='image "./thomaedempsterih00bann_0029.png"; bbox 0 0 1861 2682; ppageno 0'>
   <div class='ocr_carea' id='block_1_1' title="bbox 917 273 968 312">
    <p class='ocr_par' dir='ltr' id='par_1_1' title="bbox 917 273 968 312">
     <span class='ocr_line' id='line_1_1' title="bbox 917 273 968 312; baseline 0.039 -2"><span class='ocrx_word' id='word_1_1' title='bbox 917 273 968 312; x_wconf 88' lang='lat' dir='ltr'>vii</span> 
     </span>
    </p>
   </div>
   <div class='ocr_carea' id='block_1_2' title="bbox 245 373 1614 2362">
    <p class='ocr_par' dir='ltr' id='par_1_2' title="bbox 245 373 1614 2171">
     <span class='ocr_line' id='line_1_2' title="bbox 267 373 1611 427; baseline 0.001 -12"><span class='ocrx_word' id='word_1_2' title='bbox 267 389 382 415; x_wconf 88' lang='lat' dir='ltr'>orum</span> <span class='ocrx_word' id='word_1_3' title='bbox 416 373 608 426; x_wconf 87' lang='lat' dir='ltr'>catalogO,</span> <span class='ocrx_word' id='word_1_4' title='bbox 640 373 746 413; x_wconf 84' lang='lat' dir='ltr'>Hist.</span> <span class='ocrx_word' id='word_1_5' title='bbox 777 373 1006 414; x_wconf 89' lang='lat' dir='ltr'>Ecclesiast.</span> <span class='ocrx_word' id='word_1_6' title='bbox 1033 389 1069 427; x_wconf 92' lang='lat' dir='ltr'>p.</span> <span class='ocrx_word' id='word_1_7' title='bbox 1100 376 1191 421; x_wconf 83' lang='lat'>679,</span> <span class='ocrx_word' id='word_1_8' title='bbox 1220 375 1318 415; x_wconf 87' lang='lat' dir='ltr'>haec</span> <span class='ocrx_word' id='word_1_9' title='bbox 1344 375 1492 416; x_wconf 88' lang='lat' dir='ltr'>habet:</span> <span class='ocrx_word' id='word_1_10' title='bbox 1523 384 1542 400; x_wconf 84' lang='grc'><strong>“</strong></span> <span class='ocrx_word' id='word_1_11' title='bbox 1564 378 1611 417; x_wconf 84' lang='lat'>111</span> 
     </span>
     <span class='ocr_line' id='line_1_3' title="bbox 267 435 1614 479; baseline 0.001 -2"><span class='ocrx_word' id='word_1_12' title='bbox 267 438 538 477; x_wconf 83' lang='lat' dir='ltr'>Claudianum</span> <span class='ocrx_word' id='word_1_13' title='bbox 564 436 696 475; x_wconf 87' lang='lat' dir='ltr'>Notae</span> <span class='ocrx_word' id='word_1_14' title='bbox 723 435 789 475; x_wconf 92' lang='lat' dir='ltr'>lib.</span> <span class='ocrx_word' id='word_1_15' title='bbox 812 450 837 474; x_wconf 92' lang='lat'>1.</span> <span class='ocrx_word' id='word_1_16' title='bbox 896 437 926 474; x_wconf 93' lang='lat' dir='ltr'>F</span> <span class='ocrx_word' id='word_1_17' title='bbox 930 436 1071 477; x_wconf 84' lang='lat' dir='ltr'>lexiae.</span> <span class='ocrx_word' id='word_1_18' title='bbox 1130 438 1181 477; x_wconf 92' lang='lat' dir='ltr'>In</span> <span class='ocrx_word' id='word_1_19' title='bbox 1202 438 1474 478; x_wconf 83' lang='lat' dir='ltr'>Claudianum</span> <span class='ocrx_word' id='word_1_20' title='bbox 1496 440 1614 479; x_wconf 86' lang='lat' dir='ltr'>Com-</span> 
     </span>
     <span class='ocr_line' id='line_1_4' title="bbox 265 498 1612 550; baseline 0.001 -11"><span class='ocrx_word' id='word_1_21' title='bbox 265 499 487 539; x_wconf 85' lang='lat' dir='ltr'>mentarius</span> <span class='ocrx_word' id='word_1_22' title='bbox 520 498 587 537; x_wconf 88' lang='lat' dir='ltr'>lib.</span> <span class='ocrx_word' id='word_1_23' title='bbox 623 513 648 536; x_wconf 93' lang='lat'>1.</span> <span class='ocrx_word' id='word_1_24' title='bbox 706 498 912 550; x_wconf 86' lang='lat' dir='ltr'>Lugduni,</span> <span class='ocrx_word' id='word_1_25' title='bbox 947 505 988 538; x_wconf 88' lang='lat' dir='ltr'>et</span> <span class='ocrx_word' id='word_1_26' title='bbox 1019 499 1150 538; x_wconf 87' lang='lat' dir='ltr'>alibi.”</span> <span class='ocrx_word' id='word_1_27' title='bbox 1222 501 1468 539; x_wconf 88' lang='lat' dir='ltr'>Prodierunt</span> <span class='ocrx_word' id='word_1_28' title='bbox 1503 508 1522 524; x_wconf 76' lang='lat'>‘⁶</span> <span class='ocrx_word' id='word_1_29' title='bbox 1553 502 1612 540; x_wconf 85' lang='lat' dir='ltr'>Cl.</span> 
     </span>
     <span class='ocr_line' id='line_1_5' title="bbox 264 561 1613 615; baseline 0.001 -14"><span class='ocrx_word' id='word_1_30' title='bbox 264 561 479 601; x_wconf 86' lang='lat' dir='ltr'>Claudiani</span> <span class='ocrx_word' id='word_1_31' title='bbox 499 575 603 613; x_wconf 88' lang='lat' dir='ltr'>quae</span> <span class='ocrx_word' id='word_1_32' title='bbox 624 566 776 606; x_wconf 79' lang='lat' dir='ltr'>extant,</span> <span class='ocrx_word' id='word_1_33' title='bbox 803 575 896 600; x_wconf 87' lang='lat' dir='ltr'>cum</span> <span class='ocrx_word' id='word_1_34' title='bbox 923 562 1030 601; x_wconf 89' lang='lat' dir='ltr'>notis</span> <span class='ocrx_word' id='word_1_35' title='bbox 1057 562 1239 602; x_wconf 87' lang='lat' dir='ltr'>Thomae</span> <span class='ocrx_word' id='word_1_36' title='bbox 1264 563 1496 615; x_wconf 88' lang='lat' dir='ltr'>Dempsteri</span> <span class='ocrx_word' id='word_1_37' title='bbox 1524 565 1613 603; x_wconf 86' lang='lat' dir='ltr'>Sco-</span> 
     </span>
     <span class='ocr_line' id='line_1_6' title="bbox 263 623 1609 677; baseline 0.001 -14"><span class='ocrx_word' id='word_1_38' title='bbox 263 624 330 670; x_wconf 88' lang='lat' dir='ltr'>ti,”</span> <span class='ocrx_word' id='word_1_39' title='bbox 365 623 539 670; x_wconf 82' lang='lat' dir='ltr'>Flexiae,</span> <span class='ocrx_word' id='word_1_40' title='bbox 576 624 691 669; x_wconf 85' lang='lat'>1607,</span> <span class='ocrx_word' id='word_1_41' title='bbox 727 624 830 662; x_wconf 80' lang='lat' dir='ltr'>tho.</span> <span class='ocrx_word' id='word_1_42' title='bbox 887 624 1236 664; x_wconf 87' lang='lat' dir='ltr'>Commentarium</span> <span class='ocrx_word' id='word_1_43' title='bbox 1271 639 1484 677; x_wconf 83' lang='lat' dir='ltr'>nunquam</span> <span class='ocrx_word' id='word_1_44' title='bbox 1516 627 1609 673; x_wconf 88' lang='lat' dir='ltr'>vidi,</span> 
     </span>
     <span class='ocr_line' id='line_1_7' title="bbox 263 685 1612 740; baseline 0.002 -16"><span class='ocrx_word' id='word_1_45' title='bbox 263 700 395 738; x_wconf 88' lang='lat' dir='ltr'>neque</span> <span class='ocrx_word' id='word_1_46' title='bbox 424 686 580 725; x_wconf 88' lang='lat' dir='ltr'>viderat</span> <span class='ocrx_word' id='word_1_47' title='bbox 606 685 752 724; x_wconf 87' lang='lat' dir='ltr'>Petrus</span> <span class='ocrx_word' id='word_1_48' title='bbox 780 686 1042 725; x_wconf 85' lang='lat' dir='ltr'>Burmannus</span> <span class='ocrx_word' id='word_1_49' title='bbox 1067 687 1286 726; x_wconf 85' lang='lat' dir='ltr'>Secundus.</span> <span class='ocrx_word' id='word_1_50' title='bbox 1344 688 1422 726; x_wconf 86' lang='lat' dir='ltr'>Sed</span> <span class='ocrx_word' id='word_1_51' title='bbox 1448 688 1499 726; x_wconf 89' lang='lat' dir='ltr'>de</span> <span class='ocrx_word' id='word_1_52' title='bbox 1524 690 1612 740; x_wconf 79' lang='lat' dir='ltr'>ejus</span> 
     </span>
     <span class='ocr_line' id='line_1_8' title="bbox 262 747 1613 801; baseline 0.001 -14"><span class='ocrx_word' id='word_1_53' title='bbox 262 748 593 787; x_wconf 77' lang='lat' dir='ltr'>annotationibus</span> <span class='ocrx_word' id='word_1_54' title='bbox 614 747 671 786; x_wconf 88' lang='lat' dir='ltr'>ita</span> <span class='ocrx_word' id='word_1_55' title='bbox 690 754 826 787; x_wconf 90' lang='lat' dir='ltr'>censet</span> <span class='ocrx_word' id='word_1_56' title='bbox 847 749 989 787; x_wconf 86' lang='lat' dir='ltr'>doctus</span> <span class='ocrx_word' id='word_1_57' title='bbox 1010 748 1079 789; x_wconf 90' lang='lat' dir='ltr'>ille</span> <span class='ocrx_word' id='word_1_58' title='bbox 1101 748 1238 801; x_wconf 82' lang='lat' dir='ltr'>Belga,</span> <span class='ocrx_word' id='word_1_59' title='bbox 1265 749 1395 789; x_wconf 86' lang='lat' dir='ltr'>Praef.</span> <span class='ocrx_word' id='word_1_60' title='bbox 1424 750 1466 788; x_wconf 90' lang='lat' dir='ltr'>in</span> <span class='ocrx_word' id='word_1_61' title='bbox 1494 749 1613 789; x_wconf 87' lang='lat' dir='ltr'>Clau-</span> 
     </span>
     <span class='ocr_line' id='line_1_9' title="bbox 261 809 1613 865; baseline 0.001 -16"><span class='ocrx_word' id='word_1_62' title='bbox 261 811 428 850; x_wconf 86' lang='lat' dir='ltr'>dianum</span> <span class='ocrx_word' id='word_1_63' title='bbox 459 825 495 863; x_wconf 90' lang='lat' dir='ltr'>p.</span> <span class='ocrx_word' id='word_1_64' title='bbox 516 810 569 849; x_wconf 85' lang='lat' dir='ltr'>xi.</span> <span class='ocrx_word' id='word_1_65' title='bbox 626 816 647 833; x_wconf 70' lang='lat'>‘⁶</span> <span class='ocrx_word' id='word_1_66' title='bbox 667 810 718 849; x_wconf 91' lang='lat' dir='ltr'>In</span> <span class='ocrx_word' id='word_1_67' title='bbox 748 809 827 849; x_wconf 90' lang='lat' dir='ltr'>illis</span> <span class='ocrx_word' id='word_1_68' title='bbox 857 817 975 857; x_wconf 87' lang='lat' dir='ltr'>certe,</span> <span class='ocrx_word' id='word_1_69' title='bbox 999 818 1047 850; x_wconf 91' lang='lat' dir='ltr'>ut</span> <span class='ocrx_word' id='word_1_70' title='bbox 1073 818 1115 850; x_wconf 91' lang='lat' dir='ltr'>et</span> <span class='ocrx_word' id='word_1_71' title='bbox 1141 812 1230 851; x_wconf 89' lang='lat' dir='ltr'>aliis</span> <span class='ocrx_word' id='word_1_72' title='bbox 1259 812 1463 851; x_wconf 82' lang='lat' dir='ltr'>Demsteri</span> <span class='ocrx_word' id='word_1_73' title='bbox 1492 813 1613 865; x_wconf 89' lang='lat' dir='ltr'>scrip-</span> 
     </span>
     <span class='ocr_line' id='line_1_10' title="bbox 261 871 1613 927; baseline 0.001 -16"><span class='ocrx_word' id='word_1_74' title='bbox 261 873 322 919; x_wconf 87' lang='lat' dir='ltr'>tis,</span> <span class='ocrx_word' id='word_1_75' title='bbox 342 871 614 925; x_wconf 84' lang='lat' dir='ltr'>multiplicem</span> <span class='ocrx_word' id='word_1_76' title='bbox 633 871 818 912; x_wconf 91' lang='lat' dir='ltr'>lectionis</span> <span class='ocrx_word' id='word_1_77' title='bbox 839 874 1021 913; x_wconf 86' lang='lat' dir='ltr'>eruditae</span> <span class='ocrx_word' id='word_1_78' title='bbox 1042 874 1197 926; x_wconf 89' lang='lat' dir='ltr'>copiam</span> <span class='ocrx_word' id='word_1_79' title='bbox 1218 875 1346 925; x_wconf 89' lang='lat' dir='ltr'>magis</span> <span class='ocrx_word' id='word_1_80' title='bbox 1366 889 1489 927; x_wconf 89' lang='lat' dir='ltr'>quam</span> <span class='ocrx_word' id='word_1_81' title='bbox 1506 876 1613 927; x_wconf 86' lang='lat' dir='ltr'>diju-</span> 
     </span>
     <span class='ocr_line' id='line_1_11' title="bbox 258 934 1612 989; baseline 0.001 -15"><span class='ocrx_word' id='word_1_82' title='bbox 258 935 418 975; x_wconf 88' lang='lat' dir='ltr'>dicandi</span> <span class='ocrx_word' id='word_1_83' title='bbox 453 935 534 974; x_wconf 89' lang='lat' dir='ltr'>vim</span> <span class='ocrx_word' id='word_1_84' title='bbox 565 941 607 974; x_wconf 92' lang='lat' dir='ltr'>et</span> <span class='ocrx_word' id='word_1_85' title='bbox 638 934 776 974; x_wconf 80' lang='lat' dir='ltr'>liniam</span> <span class='ocrx_word' id='word_1_86' title='bbox 810 935 1056 975; x_wconf 86' lang='lat' dir='ltr'>laudandam</span> <span class='ocrx_word' id='word_1_87' title='bbox 1091 950 1174 976; x_wconf 88' lang='lat' dir='ltr'>esse</span> <span class='ocrx_word' id='word_1_88' title='bbox 1204 937 1469 989; x_wconf 84' lang='lat' dir='ltr'>agnoscimus,</span> <span class='ocrx_word' id='word_1_89' title='bbox 1502 938 1612 976; x_wconf 84' lang='lat' dir='ltr'>unde</span> 
     </span>
     <span class='ocr_line' id='line_1_12' title="bbox 259 997 1612 1052; baseline 0.002 -17"><span class='ocrx_word' id='word_1_90' title='bbox 259 998 520 1037; x_wconf 86' lang='lat' dir='ltr'>Demsterum</span> <span class='ocrx_word' id='word_1_91' title='bbox 549 998 592 1036; x_wconf 91' lang='lat' dir='ltr'>in</span> <span class='ocrx_word' id='word_1_92' title='bbox 622 997 692 1036; x_wconf 87' lang='lat' dir='ltr'>illa</span> <span class='ocrx_word' id='word_1_93' title='bbox 721 998 880 1050; x_wconf 84' lang='lat' dir='ltr'>copiosa</span> <span class='ocrx_word' id='word_1_94' title='bbox 907 997 1083 1038; x_wconf 86' lang='lat' dir='ltr'>lectione</span> <span class='ocrx_word' id='word_1_95' title='bbox 1113 999 1322 1038; x_wconf 88' lang='lat' dir='ltr'>hominem</span> <span class='ocrx_word' id='word_1_96' title='bbox 1346 999 1492 1052; x_wconf 88' lang='lat' dir='ltr'>judicii</span> <span class='ocrx_word' id='word_1_97' title='bbox 1523 1014 1612 1052; x_wconf 89' lang='lat' dir='ltr'>per-</span> 
     </span>
     <span class='ocr_line' id='line_1_13' title="bbox 258 1059 1610 1112; baseline 0.001 -13"><span class='ocrx_word' id='word_1_98' title='bbox 258 1059 396 1112; x_wconf 91' lang='lat' dir='ltr'>pusilli</span> <span class='ocrx_word' id='word_1_99' title='bbox 417 1060 539 1099; x_wconf 88' lang='lat' dir='ltr'>fuisse</span> <span class='ocrx_word' id='word_1_100' title='bbox 557 1061 716 1112; x_wconf 88' lang='lat' dir='ltr'>judicat</span> <span class='ocrx_word' id='word_1_101' title='bbox 735 1060 1021 1100; x_wconf 89' lang='lat' dir='ltr'>Broukhusius</span> <span class='ocrx_word' id='word_1_102' title='bbox 1041 1061 1093 1100; x_wconf 87' lang='lat' dir='ltr'>ad</span> <span class='ocrx_word' id='word_1_103' title='bbox 1114 1060 1267 1100; x_wconf 88' lang='lat' dir='ltr'>Tibull.</span> <span class='ocrx_word' id='word_1_104' title='bbox 1288 1060 1356 1100; x_wconf 84' lang='lat' dir='ltr'>lib.</span> <span class='ocrx_word' id='word_1_105' title='bbox 1374 1061 1399 1100; x_wconf 92' lang='lat' dir='ltr'>i.</span> <span class='ocrx_word' id='word_1_106' title='bbox 1424 1060 1472 1100; x_wconf 89' lang='lat' dir='ltr'>el.</span> <span class='ocrx_word' id='word_1_107' title='bbox 1494 1066 1530 1104; x_wconf 79' lang='lat'>7.</span> <span class='ocrx_word' id='word_1_108' title='bbox 1547 1066 1610 1101; x_wconf 78' lang='lat'>53.</span> 
     </span>
     <span class='ocr_line' id='line_1_14' title="bbox 257 1122 1612 1175; baseline 0.001 -15"><span class='ocrx_word' id='word_1_109' title='bbox 257 1135 380 1174; x_wconf 90' lang='lat' dir='ltr'>quem</span> <span class='ocrx_word' id='word_1_110' title='bbox 401 1128 537 1160; x_wconf 86' lang='lat' dir='ltr'>tamen</span> <span class='ocrx_word' id='word_1_111' title='bbox 557 1122 763 1161; x_wconf 88' lang='lat' dir='ltr'>defectum</span> <span class='ocrx_word' id='word_1_112' title='bbox 785 1136 901 1174; x_wconf 88' lang='lat' dir='ltr'>saepe</span> <span class='ocrx_word' id='word_1_113' title='bbox 922 1129 1152 1175; x_wconf 85' lang='lat' dir='ltr'>conpensat,</span> <span class='ocrx_word' id='word_1_114' title='bbox 1173 1124 1411 1175; x_wconf 85' lang='lat' dir='ltr'>praesertim</span> <span class='ocrx_word' id='word_1_115' title='bbox 1432 1124 1475 1162; x_wconf 93' lang='lat' dir='ltr'>in</span> <span class='ocrx_word' id='word_1_116' title='bbox 1492 1124 1612 1163; x_wconf 87' lang='lat' dir='ltr'>Anti-</span> 
     </span>
     <span class='ocr_line' id='line_1_15' title="bbox 256 1183 1610 1238; baseline 0.002 -16"><span class='ocrx_word' id='word_1_117' title='bbox 256 1184 462 1235; x_wconf 82' lang='lat' dir='ltr'>quitatum</span> <span class='ocrx_word' id='word_1_118' title='bbox 484 1183 801 1235; x_wconf 84' lang='lat' dir='ltr'>Paralipomenis</span> <span class='ocrx_word' id='word_1_119' title='bbox 823 1190 864 1223; x_wconf 93' lang='lat' dir='ltr'>et</span> <span class='ocrx_word' id='word_1_120' title='bbox 884 1185 926 1223; x_wconf 93' lang='lat' dir='ltr'>in</span> <span class='ocrx_word' id='word_1_121' title='bbox 949 1185 1116 1224; x_wconf 83' lang='lat' dir='ltr'>Etruria</span> <span class='ocrx_word' id='word_1_122' title='bbox 1137 1185 1294 1238; x_wconf 83' lang='lat' dir='ltr'>Regali,</span> <span class='ocrx_word' id='word_1_123' title='bbox 1325 1187 1610 1226; x_wconf 81' lang='lat' dir='ltr'>emendatione</span> 
     </span>
     <span class='ocr_line' id='line_1_16' title="bbox 256 1244 1611 1299; baseline 0.003 -16"><span class='ocrx_word' id='word_1_124' title='bbox 256 1251 327 1284; x_wconf 85' lang='lat' dir='ltr'>aut</span> <span class='ocrx_word' id='word_1_125' title='bbox 347 1244 633 1284; x_wconf 88' lang='lat' dir='ltr'>inlustratione</span> <span class='ocrx_word' id='word_1_126' title='bbox 653 1252 868 1285; x_wconf 84' lang='lat' dir='ltr'>auctorum</span> <span class='ocrx_word' id='word_1_127' title='bbox 896 1252 1091 1294; x_wconf 87' lang='lat' dir='ltr'>veterum,</span> <span class='ocrx_word' id='word_1_128' title='bbox 1120 1262 1295 1299; x_wconf 90' lang='lat' dir='ltr'>quorum</span> <span class='ocrx_word' id='word_1_129' title='bbox 1323 1247 1410 1286; x_wconf 86' lang='lat' dir='ltr'>loca</span> <span class='ocrx_word' id='word_1_130' title='bbox 1436 1248 1500 1287; x_wconf 91' lang='lat' dir='ltr'>vel</span> <span class='ocrx_word' id='word_1_131' title='bbox 1526 1263 1611 1287; x_wconf 77' lang='lat' dir='ltr'>cor-</span> 
     </span>
     <span class='ocr_line' id='line_1_17' title="bbox 255 1307 1609 1362; baseline 0.003 -16"><span class='ocrx_word' id='word_1_132' title='bbox 255 1314 375 1360; x_wconf 84' lang='lat' dir='ltr'>rupta</span> <span class='ocrx_word' id='word_1_133' title='bbox 422 1307 814 1347; x_wconf 81' lang='lat' dir='ltr'>circumferebantur</span> <span class='ocrx_word' id='word_1_134' title='bbox 857 1313 929 1347; x_wconf 88' lang='lat' dir='ltr'>aut</span> <span class='ocrx_word' id='word_1_135' title='bbox 978 1323 1187 1362; x_wconf 84' lang='lat' dir='ltr'>perperam</span> <span class='ocrx_word' id='word_1_136' title='bbox 1237 1309 1609 1362; x_wconf 48' lang='lat' dir='ltr'>intelligebantur?</span> 
     </span>
     <span class='ocr_line' id='line_1_18' title="bbox 254 1369 1607 1425; baseline 0.002 -16"><span class='ocrx_word' id='word_1_137' title='bbox 254 1371 420 1409; x_wconf 87' lang='lat' dir='ltr'>Poetam</span> <span class='ocrx_word' id='word_1_138' title='bbox 451 1369 587 1416; x_wconf 88' lang='lat' dir='ltr'>alium,</span> <span class='ocrx_word' id='word_1_139' title='bbox 622 1369 742 1422; x_wconf 83' lang='lat' dir='ltr'>longe</span> <span class='ocrx_word' id='word_1_140' title='bbox 776 1371 1057 1418; x_wconf 86' lang='lat' dir='ltr'>obscuriorem,</span> <span class='ocrx_word' id='word_1_141' title='bbox 1091 1372 1292 1410; x_wconf 85' lang='lat' dir='ltr'>enarravit</span> <span class='ocrx_word' id='word_1_142' title='bbox 1328 1372 1607 1425; x_wconf 83' lang='lat' dir='ltr'>Dempsterus.</span> 
     </span>
     <span class='ocr_line' id='line_1_19' title="bbox 253 1432 1607 1485; baseline 0.001 -14"><span class='ocrx_word' id='word_1_143' title='bbox 253 1439 272 1456; x_wconf 75' lang='lat'>‘⁶</span> <span class='ocrx_word' id='word_1_144' title='bbox 292 1433 457 1485; x_wconf 90' lang='lat' dir='ltr'>Corippi</span> <span class='ocrx_word' id='word_1_145' title='bbox 477 1432 658 1472; x_wconf 87' lang='lat' dir='ltr'>Africani</span> <span class='ocrx_word' id='word_1_146' title='bbox 686 1433 949 1472; x_wconf 86' lang='lat' dir='ltr'>Grammatici</span> <span class='ocrx_word' id='word_1_147' title='bbox 975 1433 1026 1472; x_wconf 92' lang='lat' dir='ltr'>de</span> <span class='ocrx_word' id='word_1_148' title='bbox 1051 1433 1261 1473; x_wconf 85' lang='lat' dir='ltr'>Laudibus</span> <span class='ocrx_word' id='word_1_149' title='bbox 1288 1433 1313 1472; x_wconf 87' lang='lat' dir='ltr'>J</span> <span class='ocrx_word' id='word_1_150' title='bbox 1317 1434 1442 1473; x_wconf 90' lang='lat' dir='ltr'>ustini</span> <span class='ocrx_word' id='word_1_151' title='bbox 1470 1434 1607 1474; x_wconf 90' lang='lat' dir='ltr'>Mino-</span> 
     </span>
     <span class='ocr_line' id='line_1_20' title="bbox 252 1494 1605 1548; baseline 0.002 -15"><span class='ocrx_word' id='word_1_152' title='bbox 252 1496 306 1534; x_wconf 89' lang='lat' dir='ltr'>ris</span> <span class='ocrx_word' id='word_1_153' title='bbox 331 1495 507 1546; x_wconf 85' lang='lat' dir='ltr'>Augusti</span> <span class='ocrx_word' id='word_1_154' title='bbox 532 1494 624 1533; x_wconf 88' lang='lat' dir='ltr'>libri</span> <span class='ocrx_word' id='word_1_155' title='bbox 650 1501 848 1546; x_wconf 86' lang='lat' dir='ltr'>quatuor:</span> <span class='ocrx_word' id='word_1_156' title='bbox 879 1495 1057 1535; x_wconf 87' lang='lat' dir='ltr'>Thomas</span> <span class='ocrx_word' id='word_1_157' title='bbox 1078 1495 1346 1548; x_wconf 88' lang='lat' dir='ltr'>Dempsterus</span> <span class='ocrx_word' id='word_1_158' title='bbox 1375 1511 1398 1536; x_wconf 89' lang='lat' dir='ltr'>a</span> <span class='ocrx_word' id='word_1_159' title='bbox 1424 1496 1605 1544; x_wconf 78' lang='lat' dir='ltr'>Muresk,</span> 
     </span>
     <span class='ocr_line' id='line_1_21' title="bbox 250 1556 1605 1611; baseline 0.003 -16"><span class='ocrx_word' id='word_1_160' title='bbox 250 1557 286 1595; x_wconf 86' lang='lat' dir='ltr'>J.</span> <span class='ocrx_word' id='word_1_161' title='bbox 307 1557 350 1596; x_wconf 90' lang='lat' dir='ltr'>C.</span> <span class='ocrx_word' id='word_1_162' title='bbox 372 1557 584 1603; x_wconf 85' lang='lat' dir='ltr'>recensuit,</span> <span class='ocrx_word' id='word_1_163' title='bbox 609 1556 774 1596; x_wconf 83' lang='lat' dir='ltr'>lacunas</span> <span class='ocrx_word' id='word_1_164' title='bbox 800 1557 1014 1610; x_wconf 86' lang='lat' dir='ltr'>supplevit,</span> <span class='ocrx_word' id='word_1_165' title='bbox 1040 1558 1199 1597; x_wconf 89' lang='lat' dir='ltr'>mendis</span> <span class='ocrx_word' id='word_1_166' title='bbox 1220 1559 1471 1611; x_wconf 78' lang='lat' dir='ltr'>expurgavit,</span> <span class='ocrx_word' id='word_1_167' title='bbox 1500 1574 1605 1599; x_wconf 88' lang='lat' dir='ltr'>com-</span> 
     </span>
     <span class='ocr_line' id='line_1_22' title="bbox 250 1619 1605 1673; baseline 0.002 -15"><span class='ocrx_word' id='word_1_168' title='bbox 250 1620 495 1659; x_wconf 88' lang='lat' dir='ltr'>mentarium</span> <span class='ocrx_word' id='word_1_169' title='bbox 515 1620 673 1672; x_wconf 88' lang='lat' dir='ltr'>adjecit,</span> <span class='ocrx_word' id='word_1_170' title='bbox 694 1633 776 1671; x_wconf 92' lang='lat' dir='ltr'>quo</span> <span class='ocrx_word' id='word_1_171' title='bbox 796 1619 964 1659; x_wconf 89' lang='lat' dir='ltr'>historia</span> <span class='ocrx_word' id='word_1_172' title='bbox 985 1627 1025 1660; x_wconf 92' lang='lat' dir='ltr'>et</span> <span class='ocrx_word' id='word_1_173' title='bbox 1041 1621 1260 1673; x_wconf 86' lang='lat' dir='ltr'>antiquarii</span> <span class='ocrx_word' id='word_1_174' title='bbox 1279 1622 1382 1661; x_wconf 88' lang='lat' dir='ltr'>ritus</span> <span class='ocrx_word' id='word_1_175' title='bbox 1399 1621 1605 1661; x_wconf 86' lang='lat' dir='ltr'>elucidan-</span> 
     </span>
     <span class='ocr_line' id='line_1_23' title="bbox 250 1682 1605 1735; baseline 0.002 -15"><span class='ocrx_word' id='word_1_176' title='bbox 250 1690 328 1727; x_wconf 87' lang='lat' dir='ltr'>tur,</span> <span class='ocrx_word' id='word_1_177' title='bbox 362 1682 543 1734; x_wconf 87' lang='lat' dir='ltr'>variique</span> <span class='ocrx_word' id='word_1_178' title='bbox 577 1683 791 1734; x_wconf 88' lang='lat' dir='ltr'>scriptores</span> <span class='ocrx_word' id='word_1_179' title='bbox 825 1683 1090 1735; x_wconf 83' lang='lat' dir='ltr'>explicantur,</span> <span class='ocrx_word' id='word_1_180' title='bbox 1125 1684 1436 1723; x_wconf 83' lang='lat' dir='ltr'>restituuntur.”</span> <span class='ocrx_word' id='word_1_181' title='bbox 1495 1685 1605 1723; x_wconf 89' lang='lat' dir='ltr'>Pari-</span> 
     </span>
     <span class='ocr_line' id='line_1_24' title="bbox 249 1745 1600 1798; baseline 0.003 -16"><span class='ocrx_word' id='word_1_182' title='bbox 249 1745 326 1790; x_wconf 89' lang='lat' dir='ltr'>siis,</span> <span class='ocrx_word' id='word_1_183' title='bbox 349 1745 463 1790; x_wconf 85' lang='lat'>1610,</span> <span class='ocrx_word' id='word_1_184' title='bbox 484 1748 571 1783; x_wconf 82' lang='lat' dir='ltr'>Svo.</span> <span class='ocrx_word' id='word_1_185' title='bbox 627 1750 647 1767; x_wconf 74' lang='lat'>‘⁶</span> <span class='ocrx_word' id='word_1_186' title='bbox 667 1745 781 1784; x_wconf 89' lang='lat' dir='ltr'>Bene</span> <span class='ocrx_word' id='word_1_187' title='bbox 800 1745 851 1784; x_wconf 89' lang='lat' dir='ltr'>de</span> <span class='ocrx_word' id='word_1_188' title='bbox 872 1745 1048 1798; x_wconf 88' lang='lat' dir='ltr'>Corippo</span> <span class='ocrx_word' id='word_1_189' title='bbox 1068 1747 1262 1786; x_wconf 87' lang='lat' dir='ltr'>meritum</span> <span class='ocrx_word' id='word_1_190' title='bbox 1279 1747 1600 1787; x_wconf 87' lang='lat' dir='ltr'>eruditissimum</span> 
     </span>
     <span class='ocr_line' id='line_1_25' title="bbox 248 1806 1601 1861; baseline 0.003 -16"><span class='ocrx_word' id='word_1_191' title='bbox 248 1807 379 1846; x_wconf 87' lang='lat' dir='ltr'>virum</span> <span class='ocrx_word' id='word_1_192' title='bbox 411 1806 610 1845; x_wconf 86' lang='lat' dir='ltr'>Thomam</span> <span class='ocrx_word' id='word_1_193' title='bbox 641 1807 914 1854; x_wconf 87' lang='lat' dir='ltr'>Demsterum,</span> <span class='ocrx_word' id='word_1_194' title='bbox 946 1807 1060 1847; x_wconf 86' lang='lat' dir='ltr'>nulla</span> <span class='ocrx_word' id='word_1_195' title='bbox 1089 1818 1198 1848; x_wconf 84' lang='lat' dir='ltr'>aetas</span> <span class='ocrx_word' id='word_1_196' title='bbox 1230 1810 1431 1861; x_wconf 83' lang='lat' dir='ltr'>negabit,”</span> <span class='ocrx_word' id='word_1_197' title='bbox 1466 1810 1601 1861; x_wconf 86' lang='lat' dir='ltr'>inquit</span> 
     </span>
     <span class='ocr_line' id='line_1_26' title="bbox 249 1869 1601 1924; baseline 0.003 -17"><span class='ocrx_word' id='word_1_198' title='bbox 249 1869 452 1915; x_wconf 88' lang='lat' dir='ltr'>Barthius,</span> <span class='ocrx_word' id='word_1_199' title='bbox 472 1869 807 1908; x_wconf 88' lang='lat' dir='ltr'>Adversariorum</span> <span class='ocrx_word' id='word_1_200' title='bbox 828 1869 895 1909; x_wconf 90' lang='lat' dir='ltr'>lib.</span> <span class='ocrx_word' id='word_1_201' title='bbox 916 1871 996 1910; x_wconf 85' lang='lat' dir='ltr'>xxi.</span> <span class='ocrx_word' id='word_1_202' title='bbox 1017 1885 1100 1923; x_wconf 87' lang='lat' dir='ltr'>cap.</span> <span class='ocrx_word' id='word_1_203' title='bbox 1121 1871 1204 1910; x_wconf 89' lang='lat' dir='ltr'>xiii.</span> <span class='ocrx_word' id='word_1_204' title='bbox 1224 1886 1262 1924; x_wconf 90' lang='lat' dir='ltr'>p.</span> <span class='ocrx_word' id='word_1_205' title='bbox 1284 1873 1398 1910; x_wconf 71' lang='lat'>1046.</span> <span class='ocrx_word' id='word_1_206' title='bbox 1457 1873 1534 1911; x_wconf 84' lang='lat' dir='ltr'>Sed</span> <span class='ocrx_word' id='word_1_207' title='bbox 1551 1874 1601 1912; x_wconf 87' lang='lat' dir='ltr'>de</span> 
     </span>
     <span class='ocr_line' id='line_1_27' title="bbox 248 1932 1599 1987; baseline 0.003 -17"><span class='ocrx_word' id='word_1_208' title='bbox 248 1932 332 1984; x_wconf 88' lang='lat' dir='ltr'>ipso</span> <span class='ocrx_word' id='word_1_209' title='bbox 366 1938 495 1984; x_wconf 86' lang='lat' dir='ltr'>poeta,</span> <span class='ocrx_word' id='word_1_210' title='bbox 529 1932 600 1984; x_wconf 91' lang='lat' dir='ltr'>qui</span> <span class='ocrx_word' id='word_1_211' title='bbox 632 1932 736 1971; x_wconf 83' lang='lat' dir='ltr'>vixit</span> <span class='ocrx_word' id='word_1_212' title='bbox 769 1938 951 1986; x_wconf 89' lang='lat' dir='ltr'>tempore</span> <span class='ocrx_word' id='word_1_213' title='bbox 981 1933 1135 1972; x_wconf 86' lang='lat' dir='ltr'>Justini</span> <span class='ocrx_word' id='word_1_214' title='bbox 1164 1934 1343 1981; x_wconf 84' lang='lat' dir='ltr'>minoris,</span> <span class='ocrx_word' id='word_1_215' title='bbox 1370 1940 1485 1973; x_wconf 84' lang='lat' dir='ltr'>sexto</span> <span class='ocrx_word' id='word_1_216' title='bbox 1514 1937 1599 1987; x_wconf 83' lang='lat' dir='ltr'>jam</span> 
     </span>
     <span class='ocr_line' id='line_1_28' title="bbox 248 1993 1596 2048; baseline 0.003 -16"><span class='ocrx_word' id='word_1_217' title='bbox 248 2000 430 2033; x_wconf 88' lang='lat' dir='ltr'>vertente</span> <span class='ocrx_word' id='word_1_218' title='bbox 463 1993 609 2040; x_wconf 91' lang='lat' dir='ltr'>seculo,</span> <span class='ocrx_word' id='word_1_219' title='bbox 643 1994 817 2033; x_wconf 83' lang='lat' dir='ltr'>videnda</span> <span class='ocrx_word' id='word_1_220' title='bbox 855 2001 916 2034; x_wconf 88' lang='lat' dir='ltr'>est</span> <span class='ocrx_word' id='word_1_221' title='bbox 955 1995 1166 2048; x_wconf 90' lang='lat' dir='ltr'>Polycarpi</span> <span class='ocrx_word' id='word_1_222' title='bbox 1208 1996 1373 2048; x_wconf 81' lang='lat' dir='ltr'>Leyseri</span> <span class='ocrx_word' id='word_1_223' title='bbox 1415 1997 1596 2037; x_wconf 81' lang='lat' dir='ltr'>Historia</span> 
     </span>
     <span class='ocr_line' id='line_1_29' title="bbox 248 2057 1600 2109; baseline 0.004 -15"><span class='ocrx_word' id='word_1_224' title='bbox 248 2057 465 2095; x_wconf 89' lang='lat' dir='ltr'>Poetarum</span> <span class='ocrx_word' id='word_1_225' title='bbox 499 2057 627 2095; x_wconf 88' lang='lat' dir='ltr'>Medii</span> <span class='ocrx_word' id='word_1_226' title='bbox 660 2057 772 2103; x_wconf 90' lang='lat' dir='ltr'>Aevi,</span> <span class='ocrx_word' id='word_1_227' title='bbox 802 2071 839 2109; x_wconf 91' lang='lat' dir='ltr'>p.</span> <span class='ocrx_word' id='word_1_228' title='bbox 873 2062 960 2100; x_wconf 71' lang='lat'>172.</span> <span class='ocrx_word' id='word_1_229' title='bbox 1018 2059 1189 2097; x_wconf 86' lang='lat' dir='ltr'>Barthio</span> <span class='ocrx_word' id='word_1_230' title='bbox 1225 2064 1285 2098; x_wconf 88' lang='lat' dir='ltr'>est</span> <span class='ocrx_word' id='word_1_231' title='bbox 1315 2058 1487 2098; x_wconf 88' lang='lat' dir='ltr'>ultimus</span> <span class='ocrx_word' id='word_1_232' title='bbox 1516 2060 1600 2099; x_wconf 81' lang='lat' dir='ltr'>fere</span> 
     </span>
     <span class='ocr_line' id='line_1_30' title="bbox 245 2118 1350 2171; baseline 0.002 -13"><span class='ocrx_word' id='word_1_233' title='bbox 245 2125 468 2171; x_wconf 88' lang='lat' dir='ltr'>poetarum,</span> <span class='ocrx_word' id='word_1_234' title='bbox 488 2118 641 2158; x_wconf 86' lang='lat' dir='ltr'>scilicet</span> <span class='ocrx_word' id='word_1_235' title='bbox 660 2126 872 2171; x_wconf 89' lang='lat' dir='ltr'>poetarum</span> <span class='ocrx_word' id='word_1_236' title='bbox 893 2126 1076 2160; x_wconf 82' lang='lat' dir='ltr'>veterum</span> <span class='ocrx_word' id='word_1_237' title='bbox 1098 2121 1350 2160; x_wconf 84' lang='lat' dir='ltr'>Latinorum.</span> 
     </span>
    </p>

    <p class='ocr_par' dir='ltr' id='par_1_3' title="bbox 245 2180 1598 2362">
     <span class='ocr_line' id='line_1_31' title="bbox 299 2180 1594 2237; baseline 0.002 -17"><span class='ocrx_word' id='word_1_238' title='bbox 299 2182 364 2220; x_wconf 89' lang='lat' dir='ltr'>De</span> <span class='ocrx_word' id='word_1_239' title='bbox 379 2180 600 2233; x_wconf 85' lang='lat' dir='ltr'>philologia</span> <span class='ocrx_word' id='word_1_240' title='bbox 615 2188 656 2220; x_wconf 91' lang='lat' dir='ltr'>et</span> <span class='ocrx_word' id='word_1_241' title='bbox 670 2181 838 2221; x_wconf 88' lang='lat' dir='ltr'>historia</span> <span class='ocrx_word' id='word_1_242' title='bbox 853 2197 945 2221; x_wconf 88' lang='lat' dir='ltr'>cum</span> <span class='ocrx_word' id='word_1_243' title='bbox 957 2184 1283 2236; x_wconf 84' lang='lat' dir='ltr'>jurisprudentia</span> <span class='ocrx_word' id='word_1_244' title='bbox 1299 2186 1387 2237; x_wconf 88' lang='lat' dir='ltr'>conj</span> <span class='ocrx_word' id='word_1_245' title='bbox 1396 2185 1594 2236; x_wconf 76' lang='lat' dir='ltr'>ungenda,</span> 
     </span>
     <span class='ocr_line' id='line_1_32' title="bbox 245 2243 1598 2299; baseline 0.003 -18"><span class='ocrx_word' id='word_1_246' title='bbox 245 2243 365 2282; x_wconf 89' lang='lat' dir='ltr'>multi</span> <span class='ocrx_word' id='word_1_247' title='bbox 387 2244 507 2282; x_wconf 84' lang='lat' dir='ltr'>verba</span> <span class='ocrx_word' id='word_1_248' title='bbox 528 2243 667 2283; x_wconf 88' lang='lat' dir='ltr'>fecere.</span> <span class='ocrx_word' id='word_1_249' title='bbox 725 2245 962 2284; x_wconf 87' lang='lat' dir='ltr'>Orationem</span> <span class='ocrx_word' id='word_1_250' title='bbox 983 2246 1033 2284; x_wconf 89' lang='lat' dir='ltr'>de</span> <span class='ocrx_word' id='word_1_251' title='bbox 1053 2246 1265 2285; x_wconf 88' lang='lat' dir='ltr'>literarum</span> <span class='ocrx_word' id='word_1_252' title='bbox 1287 2247 1434 2293; x_wconf 88' lang='lat' dir='ltr'>studio,</span> <span class='ocrx_word' id='word_1_253' title='bbox 1455 2247 1496 2285; x_wconf 91' lang='lat' dir='ltr'>in</span> <span class='ocrx_word' id='word_1_254' title='bbox 1518 2247 1598 2299; x_wconf 88' lang='lat' dir='ltr'>pri-</span> 
     </span>
     <span class='ocr_line' id='line_1_33' title="bbox 245 2306 1595 2362; baseline 0.003 -18"><span class='ocrx_word' id='word_1_255' title='bbox 245 2306 320 2345; x_wconf 87' lang='lat' dir='ltr'>mis</span> <span class='ocrx_word' id='word_1_256' title='bbox 347 2306 604 2352; x_wconf 83' lang='lat' dir='ltr'>Graecarum,</span> <span class='ocrx_word' id='word_1_257' title='bbox 625 2319 717 2346; x_wconf 88' lang='lat' dir='ltr'>cum</span> <span class='ocrx_word' id='word_1_258' title='bbox 735 2307 1058 2360; x_wconf 83' lang='lat' dir='ltr'>jurisprudentia</span> <span class='ocrx_word' id='word_1_259' title='bbox 1079 2309 1377 2362; x_wconf 88' lang='lat' dir='ltr'>conjungendo,</span> <span class='ocrx_word' id='word_1_260' title='bbox 1399 2309 1595 2348; x_wconf 85' lang='lat' dir='ltr'>tredecim</span> 
     </span>
    </p>
   </div>
  </div>
 </body>
</html>
