1861 2682
329 247 391 278 290
704 243 929 275 HISTORIA
952 242 1315 274 ECCLESIASTICA

380 337 530 371 Vivebat
547 347 637 368 anno
656 343 845 368 MCCCCIX.
894 333 985 366 Acta
1005 334 1157 366 nationis
1181 332 1405 366 Germanicae
1428 333 1471 366 ad
1495 333 1574 367 DD.
1599 335 1682 368 Cos-

331 404 405 426 mae
424 398 457 426 et
474 392 649 425 Damiani.

706 500 854 534 ELIAS
879 500 1170 535 FORBASSUS.
1222 504 1303 540 529.

332 617 456 650 ELIAS
483 617 686 655 Forbassus,
713 615 768 647 vir
793 615 929 653 nobilis,
955 615 1016 647 diu
1045 614 1082 646 in
1112 613 1318 654 Germaniis,
1348 614 1461 654 Italia,
1493 615 1682 659 Galliisque

332 674 456 706 studiis
485 672 579 705 dedit
608 681 758 715 operam,
788 675 822 703 et
852 681 930 703 cum
960 670 1052 703 Pisis
1079 671 1276 704 doctoratus
1307 673 1437 715 apicem
1464 673 1683 715 percepisset,

334 731 369 761 in
407 728 558 761 Scotiam
592 728 706 766 rediit,
741 737 809 769 quo
842 730 996 769 tempore
1031 725 1224 759 Gulielmus
1255 727 1489 766 Turnebulus,
1519 728 1683 770 archiepi-

333 795 455 827 scopus
473 783 700 821 Glascoensis,
727 793 747 815 a
770 782 914 815 Nicolao
935 781 978 814 V.
1000 782 1060 826 jus
1087 782 1279 815 academiae
1304 783 1522 825 impetrabat,
1549 784 1685 828 collegi-

330 851 456 883 umque
485 840 631 882 pecunia
660 850 723 871 sua
748 838 970 882 magnificum
1000 837 1177 882 erigebat3
1208 842 1312 881 atque
1341 838 1397 871 hic
1426 839 1565 881 quidem
1591 839 1684 871 illius

330 896 522 928 academiae
540 895 673 938 primus
697 895 734 927 in
756 894 976 937 philosophia
999 895 1115 932 lector,
1142 894 1179 926 in
1204 904 1273 936 quo
1298 904 1440 927 munere
1466 905 1543 926 cum
1569 894 1685 926 decem

328 962 436 984 annos
466 951 684 993 explevisset,
716 955 750 983 et
777 961 846 982 non
873 950 939 982 sibi
966 950 1079 987 modO,
1108 960 1229 982 verum
1255 949 1360 982 etiam
1387 949 1547 982 omnibus
1573 950 1685 982 erudi-

328 1007 372 1040 tis
391 1006 624 1045 satisfecisset,
648 1007 804 1039 ordinem
829 1006 863 1038 S.
884 1005 1059 1039 Francisci
1084 1005 1272 1050 ingressus,
1296 1006 1333 1038 in
1357 1005 1446 1039 bona
1470 1010 1605 1038 senecta
1628 1006 1684 1037 de-

329 1064 440 1096 cessit.
493 1062 638 1105 Scripsit

471 1118 639 1151 Lecturas
659 1118 921 1160 Philosophicas
1196 1117 1255 1150 lib.
1275 1126 1299 1150 Ι.

473 1173 658 1206 Orationes
676 1173 900 1206 Academicas
1193 1173 1253 1206 lib.
1273 1182 1297 1205 Ι.

472 1229 584 1272 Super
601 1229 828 1262 Aristotelem
1195 1229 1254 1262 lib.
1275 1238 1298 1261 Ι.

377 1285 530 1319 Docebat
547 1285 712 1319 Glascoae
730 1296 821 1318 anno
842 1293 1038 1318 MCCCCLV.

772 1397 806 1430 S.
834 1395 1108 1430 FASTIDIUS.
1159 1399 1239 1429 530.

330 1512 364 1543 S.
385 1511 600 1544 FAsmnms
618 1509 861 1553 antiquissima
879 1510 1045 1543 memoria
1062 1509 1282 1542 doctissimus
1301 1509 1502 1549 habebatur,
1520 1522 1538 1544 e
1561 1514 1686 1545 monti-

330 1567 393 1599 bus
411 1566 544 1600 Scotiae
563 1566 806 1603 Occidentalis,
832 1576 901 1608 qua
918 1569 1016 1607 parte
1043 1565 1251 1598 Hiberniam
1272 1565 1483 1608 despectant,
1505 1567 1683 1601 oriundus.

330 1627 350 1640 ‘⁶
365 1622 593 1655 Britanorum
611 1622 823 1664 episcopus,’'
841 1621 890 1653 ait
909 1620 1088 1654 Honorius
1105 1620 1436 1665 Augustodunensis
1449 1622 1538 1656 libro
1556 1623 1598 1656 de
1616 1624 1687 1656 Lu-

329 1678 412 1710 min.
431 1677 631 1710 Ecclesiast.
651 1681 686 1709 et
704 1676 876 1709 Trithem.
901 1677 942 1709 de
966 1676 1092 1720 Script.
1116 1676 1247 1709 Eccles.
1275 1688 1354 1721 pag.
1373 1685 1519 1711 CCXXV.
1573 1678 1685 1722 Scrip-

331 1739 431 1773 serat,
452 1738 491 1766 ut
509 1734 545 1766 in
564 1732 720 1766 Indiculo
739 1732 917 1776 cujusdam
937 1732 1028 1765 docti
1046 1738 1081 1766 et
1098 1733 1231 1776 patriae
1248 1733 1394 1766 studiosi
1412 1733 1570 1771 habetur,

473 1789 670 1822 Chronicon
688 1788 870 1820 Scotorum
1194 1788 1252 1821 lib.
1273 1797 1297 1820 1.

473 1844 525 1877 De
543 1844 628 1877 Vita
645 1843 846 1876 Christiana
1198 1844 1257 1876 lib.
1277 1852 1301 1875 1.
1353 1843 1411 1876 Ad
1429 1844 1458 1877 F
1461 1847 1596 1878 otalem.

475 1900 527 1933 De
548 1899 726 1933 Viduitate
745 1900 914 1932 servanda
1195 1900 1255 1932 li'o.
1275 1907 1299 1931 Ι.
1350 1899 1461 1933 Iidem
1487 1903 1547 1944 qui
1581 1913 1685 1946 supra

521 1960 689 1994 auctores,
709 1955 776 1987 nisi
794 1955 887 1998 quod
905 1954 1120 1988 Trithemius
1137 1955 1241 1988 habet

475 2011 528 2044 De
546 2011 714 2043 Doctrina
731 2010 930 2044 Christiana
1070 1999 1079 2006 “
1196 2011 1253 2043 nb.
1274 2020 1298 2043 1.
1349 2010 1434 2050 Ani,

476 2067 528 2100 De
546 2067 632 2099 Fide
651 2065 850 2099 Christiana
1197 2066 1254 2099 lib.
1276 2076 1299 2100 1.

380 2122 531 2156 Vivebat
548 2133 638 2155 anno
658 2129 823 2154 CCCCXL.
