1861 2682
225 269 267 299 54
599 267 824 301 HISTORIA
848 267 1210 302 ECCLESIASTICA

229 371 267 393 ac
284 361 405 395 deinde
422 360 576 404 ejusdem
593 361 658 393 loci
675 360 790 400 abbas,
810 360 947 403 scripsit

369 415 423 449 De
439 420 587 459 utroque
604 414 720 448 Adam
1139 415 1198 449 lib.
1218 424 1242 449 Ι,

371 471 541 514 Mysteria
559 471 736 505 Passionis
754 470 886 504 Christi
1140 470 1199 504 lib.
1219 479 1243 504 1.

367 526 420 559 De
438 526 480 559 B.
500 526 565 559 Dei
584 526 698 560 Matre
1140 526 1201 559 lib.
1220 534 1246 559 1.

274 582 371 615 Obiit
388 593 478 615 anno
498 591 699 616 Mcxcvm.
751 580 1030 615 Scotichronicon
1046 579 1105 613 lib.
1125 588 1214 614 VIII.
1232 591 1306 625 cap.
1326 590 1407 616 LIX.

713 690 974 726 ALCUINUS.
1025 693 1082 728 90.

224 806 433 839 ALCUINUS
459 803 734 848 consanguineus
760 802 794 836 S.
821 802 975 842 Alcuini,
1000 803 1060 847 qui
1085 808 1286 847 praeceptor
1311 804 1427 839 Caroli
1450 806 1573 853 Magni

224 862 432 895 academiam
452 859 680 892 parisiensem
698 858 915 897 fundaverat,
934 863 978 897 et,
996 863 1037 891 ut
1060 858 1147 893 falso
1170 860 1333 899 creditur,
1357 861 1394 894 in
1418 861 1576 896 Melrosi-

224 917 296 950 ensi
323 916 484 949 coenobio
509 915 664 954 indutus,
690 919 809 958 postea
834 913 869 947 S.
895 913 1016 947 Crucis
1042 914 1147 949 abbas
1172 915 1295 955 factus,
1321 921 1436 950 sancte
1453 918 1576 961 pieque

224 983 259 1005 se
277 972 394 1016 gessit,
412 971 471 1004 sed
490 971 587 1004 brevi
605 974 760 1014 tempore
777 970 986 1004 monasterio
1004 970 1166 1014 praefuit.
1216 970 1310 1005 Nam
1334 977 1354 992 “
1371 983 1487 1006 rerum
1504 983 1577 1006 eoe-

224 1028 363 1060 lestium
392 1026 679 1069 contemplatione
709 1026 883 1069 abreptus,
915 1036 1016 1060 curae
1045 1027 1296 1068 renunciavit‚’'
1326 1028 1440 1072 inquit
1469 1028 1576 1062 Scoti-

226 1082 410 1116 chronicon
427 1081 486 1114 lib.
506 1089 542 1113 v.
562 1092 635 1124 cap.
656 1089 774 1115 XLIII.
824 1081 969 1125 Scripsit

368 1137 541 1170 Homiiias
558 1137 634 1180 pias
1137 1137 1196 1171 lib.
1217 1146 1242 1171 1.

368 1192 546 1235 Epistolas
565 1193 607 1225 ad
626 1192 780 1227 diversos
1137 1193 1195 1227 lib.
1215 1202 1239 1226 I.

273 1249 385 1282 Curae
402 1249 619 1282 renunciavit
636 1260 727 1283 anno
746 1257 888 1282 MCXLI.

725 1359 760 1393 S.
785 1358 966 1394 ALMUS.
1018 1362 1074 1397 91.

226 1474 260 1507 S.
290 1472 435 1506 ALMUs
466 1470 714 1510 cisterciensis,
748 1470 820 1504 sive
853 1471 1101 1511 Bernardinus,
1135 1471 1170 1505 S.
1206 1471 1385 1505 Benedicti
1419 1474 1574 1518 regulam

224 1529 408 1574 professus,
441 1527 574 1571 primus
607 1527 711 1560 abbas
744 1527 780 1559 in
813 1527 1080 1561 celebratissimo
1119 1527 1281 1561 coenobio
1319 1527 1412 1571 quod
1452 1528 1574 1563 Emer-

226 1585 333 1630 garda
361 1583 492 1628 regina,
523 1582 630 1627 Regis
660 1582 841 1616 Wilhelmi
871 1594 971 1623 uxor,
1010 1587 1045 1616 et
1081 1582 1189 1628 Regis
1226 1582 1417 1616 Alexandri
1451 1589 1572 1623 mater,

224 1641 441 1679 fundaverat,
469 1639 561 1682 quod
586 1649 607 1671 a
631 1639 770 1672 nomine
795 1639 903 1682 ipsius
928 1638 1164 1672 Almurenoch
1189 1639 1250 1672 diu
1276 1643 1448 1679 vocaturn,
1479 1646 1573 1683 post-

223 1708 262 1730 ea
287 1699 448 1738 corrupta
473 1704 555 1727 voce
581 1693 836 1727 Balmurenoch
861 1695 973 1738 coepit
997 1695 1124 1734 vocari,
1154 1695 1209 1727 vir
1238 1694 1306 1727 fuit
1335 1695 1410 1728 sine
1439 1700 1572 1730 contro-

223 1753 334 1785 versia
360 1762 423 1785 sua
447 1754 559 1784 aetate
584 1750 802 1783 doctissimus
824 1754 858 1783 et
882 1750 1133 1793 pientissimus,
1158 1750 1235 1782 ideo
1264 1756 1406 1784 vocatus
1436 1762 1454 1783 e
1484 1751 1572 1785 Mel-

222 1808 367 1841 rosiensi
384 1806 557 1845 coenobio,
576 1805 651 1849 ipso
668 1806 723 1838 die
741 1804 774 1839 S.
794 1804 923 1839 Luciae
940 1805 1090 1849 suscepit
1113 1805 1195 1839 novi
1219 1806 1417 1840 monasterii
1441 1817 1569 1840 curam.

221 1863 365 1907 Scripsit

366 1918 418 1951 De
437 1917 652 1952 Perfectione
670 1916 846 1962 Religiosa
1133 1917 1192 1951 lib.
1212 1925 1237 1950 I.

365 1973 456 2007 Acta
480 1973 635 2018 Reginae
660 1973 895 2018 Emergardae
920 1972 979 2006 lib.
1007 1982 1031 2006 I.
1058 1972 1143 2006 Fuit
1170 1973 1252 2006 haec
1275 1973 1346 2006 filia
1370 1973 1504 2007 comitis
1529 1974 1571 2007 de

412 2029 639 2067 Bellomonte,
668 2028 728 2071 qui
758 2032 832 2060 erat
861 2028 952 2061 filius
981 2028 1125 2062 senioris
1155 2028 1243 2063 filiae
1272 2029 1451 2062 Wilhelmi
1482 2029 1570 2063 Nor·

411 2085 505 2117 mani
523 2084 627 2128 regis.

272 2140 391 2173 Abbas
408 2144 541 2173 creatus
559 2143 611 2172 est
628 2149 718 2172 anno
738 2146 938 2172 MCCXXIX.
988 2139 1089 2174 Hect.
1109 2139 1232 2175 Boeth.
1252 2140 1310 2175 lib.
1330 2149 1419 2174 XIII.
1437 2151 1510 2184 cap.
1530 2149 1567 2174 x.

224 2195 321 2230 Obiit
339 2206 429 2229 anno
447 2203 628 2229 MeeLxx.
678 2194 769 2229 Acta
786 2195 879 2229 illius
897 2196 1107 2229 monasterii.
