1861 2682
214 290 254 319 70
587 286 813 319 HISTORIA
837 286 1201 318 ECCLESIASTICA

217 381 279 420 xit,
299 381 392 424 quod
416 381 525 413 multa
548 391 654 423 opera
674 379 739 412 sub
763 378 882 411 eodem
908 378 1011 411 titulo
1036 382 1182 421 uterque
1205 376 1449 420 composuerit,
1474 382 1514 410 nt
1538 388 1580 409 ex

218 437 291 469 vita
313 437 373 469 illa
398 436 537 469 laudata
562 435 682 478 liquet.
734 434 784 467 Et
805 438 923 467 noster
945 433 1087 477 quidem
1109 432 1248 476 scripsit
1271 432 1465 470 innumera,
1493 443 1581 475 quae

218 492 309 535 apud
327 491 533 525 Sabellicum
551 496 585 524 et
603 490 872 524 Volaterranum
891 490 974 522 locis
992 489 1094 521 dictis
1112 488 1309 527 videantur,
1326 488 1504 530 publicata
1524 498 1580 521 ve-

218 558 257 580 ro
279 558 349 580 uno
372 552 526 590 tempore
548 546 702 586 fuerunt,
726 551 765 579 ut
789 557 832 579 ex
855 545 1029 589 Polydoro
1046 543 1198 588 Virgilio
1216 543 1293 577 libr.
1316 552 1367 577 IV.
1394 543 1489 577 Hist.
1509 543 1582 577 An-

219 604 296 647 glic.
316 604 502 648 colligitur,
520 603 754 645 extabantque
772 602 809 634 in
828 601 933 633 Maia.
990 600 1101 632 Index
1120 600 1198 633 loci.

365 658 562 704 [Historia]
582 657 825 690 Ecclesiastica
843 655 965 689 Gentis
983 654 1181 700 Anglorum
1233 656 1294 689 lib.
1313 664 1348 688 V.

362 715 404 747 In
422 714 513 748 Acta
530 714 780 757 Apostolorum
1240 712 1299 745 lib.
1319 721 1344 745 1.

363 770 405 803 In
424 770 656 814 Evangelium
676 768 787 801 Marci
1238 767 1297 801 lib.
1318 776 1341 801 1.

362 825 414 858 De
433 824 665 868 Temporibus
1240 823 1298 857 lib.
1320 833 1344 856 1.

365 880 541 913 Homiliae
1237 879 1296 913 lib.
1317 889 1341 912 1.

365 936 407 970 In
426 945 495 969 vn.
514 934 692 979 Epistolas
711 934 904 968 Canonicas
1237 935 1295 969 lib.
1317 944 1340 968 1.

365 993 407 1026 In
424 991 674 1036 Apocalypsin]
1236 991 1295 1024 lib.
1316 999 1373 1023 111.

366 1049 407 1082 In
426 1048 587 1081 Genesim
1238 1047 1297 1080 lib.
1318 1055 1341 1078 1.

366 1105 407 1138 In
425 1113 494 1137 vu.
514 1104 619 1137 libros
638 1103 778 1147 Regum
1239 1102 1298 1136 lib.
1319 1111 1342 1135 1.

270 1161 340 1194 Ista
359 1171 440 1194 vero
458 1159 694 1202 manuscripta
711 1163 832 1192 extant
850 1159 979 1192 Oxonii
1001 1163 1035 1192 et
1053 1158 1323 1204 Cantabrigiae:

367 1216 409 1249 In
427 1215 591 1249 Exodum
610 1226 629 1247 a
647 1225 720 1258 cap.
740 1223 855 1249 xxw.
874 1215 917 1248 ad
937 1223 1038 1247 xxx.

364 1272 417 1305 De
435 1271 582 1314 Templo
600 1270 794 1304 Salomonis
1239 1271 1297 1303 lib.
1318 1279 1340 1302 1.

368 1328 420 1361 De
434 1328 566 1372 Figura
578 1326 800 1363 Utensilium,
812 1325 998 1364 Vasorum,
1009 1331 1043 1359 et
1054 1325 1087 1358 V
1088 1325 1225 1365 estium,
1238 1326 1298 1359 lib.
1318 1335 1342 1358 1.

368 1384 409 1417 In
428 1383 664 1427 Evangelium
682 1381 797 1414 Lucae
1238 1382 1296 1415 lib.
1316 1391 1368 1415 Vl.

366 1439 644 1473 Retractationes
662 1438 699 1470 in
717 1436 808 1470 Acta
825 1436 1078 1480 Apostolorum
1237 1438 1296 1470 lib.
1318 1447 1341 1470 Ι.

365 1496 580 1529 Collectanea
599 1505 641 1528 ex
659 1493 694 1526 S.
713 1493 927 1538 Augustino.

270 1554 359 1586 Vide
376 1553 477 1596 plura
497 1551 589 1594 apud
607 1550 630 1583 J
632 1561 779 1584 oannem
798 1549 975 1582 Pitsaeum
994 1553 1106 1582 aetate
1126 1558 1212 1582 V111.

272 1609 369 1642 Obiit
388 1618 478 1641 anno
497 1607 619 1640 aetatis
636 1606 826 1640 secundum
843 1605 1012 1649 quosdam
1032 1613 1161 1638 Lxxn.
1186 1606 1262 1639 aliis
1285 1617 1393 1649 usque
1411 1607 1452 1639 ad
1473 1615 1580 1640 xcrv.

222 1676 353 1699 annum
383 1675 459 1697 eum
492 1663 620 1696 vixisse
649 1661 871 1701 testantibus,
902 1662 995 1705 quod
1025 1661 1248 1704 probabilius.
1300 1661 1373 1695 Nec
1403 1663 1516 1696 minor
1545 1663 1582 1696 in

222 1723 303 1755 anni
320 1719 567 1764 supputatione
584 1718 778 1751 difficultas.
829 1718 1029 1762 Sigebertus
1048 1717 1154 1751 refert
1177 1718 1213 1751 in
1237 1729 1366 1751 annum
1386 1726 1580 1752 Decxxxl.

222 1778 307 1810 falso
345 1787 437 1809 sane.
488 1774 624 1808 Auctor
660 1774 753 1807 vitae
791 1774 900 1817 ipsius
938 1784 1025 1817 quae
1055 1774 1192 1816 scriptis
1221 1774 1456 1817 praeponitur,
1492 1786 1582 1807 anno

222 1840 446 1866 DCCXXXIV.
473 1831 532 1864 sed
558 1831 674 1863 verius
699 1835 751 1863 est
777 1830 905 1862 vixisse
931 1840 1010 1862 eum
1036 1830 1079 1862 ad
1104 1840 1233 1863 annum
1261 1831 1362 1863 salut.
1391 1839 1582 1864 DCCLXVI.

222 1895 260 1922 ut
281 1889 415 1922 erudite
433 1887 564 1931 colligit
582 1887 709 1919 Caesar
733 1886 906 1918 Baronius
931 1890 1013 1918 tom.
1036 1894 1090 1917 lx.
1114 1884 1244 1918 Annal.
1270 1897 1349 1931 pag.
1375 1894 1452 1919 CVI.
1480 1892 1513 1919 et
1539 1888 1582 1919 ad

223 1953 353 1977 xxvn.
374 1944 460 1976 Maii
479 1944 514 1976 in
534 1942 789 1986 Martyrologio
816 1941 984 1979 Romano,
1011 1951 1080 1984 quo
1106 1941 1160 1973 die
1187 1942 1261 1986 ejus
1288 1943 1582 1975 commemoratio-

225 2011 302 2033 nem
321 2000 462 2032 ecclesia
480 1999 640 2031 celebrat.

658 2109 691 2142 S.
721 2108 1019 2142 BERTUINUS.
1075 2112 1153 2146 129.

224 2225 283 2257 DE
321 2224 355 2256 S.
397 2223 569 2256 Bertuino
608 2222 749 2255 unicum
787 2221 929 2255 sufficiet
973 2221 1143 2266 Sigeberti
1187 2221 1442 2256 Gemblacensis
1484 2235 1581 2257 enco-

224 2281 344 2313 mium.
397 2284 418 2299 “
436 2279 583 2312 Praeter
607 2278 682 2317 hos,
710 2282 744 2311 et
770 2278 829 2311 alii
855 2278 956 2310 multi
982 2278 1023 2310 de
1049 2277 1191 2323 Anglia,
1218 2280 1271 2312 vel
1298 2278 1411 2312 Scotia
1440 2279 1476 2312 in
1506 2280 1580 2313 Au-

224 2337 303 2381 gliis
333 2336 604 2381 peregrinantes,
637 2334 781 2368 verbum
820 2333 886 2367 Dei
917 2333 1146 2373 seminabant,
1178 2336 1395 2378 multumque
1429 2334 1579 2369 fructum
