1861 2682
585 250 757 284 GENTIS
781 249 1051 287 SCOTORUM,
1076 248 1162 280 LIB.
1189 247 1252 279 111.
1538 249 1599 279 159

389 345 556 378 catenam
575 343 781 382 Bibliorum,
802 343 878 375 MS.
901 342 1053 380 Parisiis,
1248 340 1307 374 lib.
1329 350 1352 373 1.

293 400 429 433 Claruit
447 411 537 433 anno
556 408 704 432 MCX111.
740 399 876 432 Colitur
893 399 948 431 die
962 406 1035 430 ΧΠ.
1054 397 1153 436 Maii,
1167 397 1305 440 templis
1317 397 1358 436 ei,
1373 396 1479 430 variis
1497 398 1595 441 regni

245 457 336 494 locis,
356 456 531 489 dedicatis.
581 455 738 488 Breviar.
757 454 879 487 Scotic.

716 566 749 598 S.
776 565 985 599 COLMUS.
1037 564 1117 601 267.

241 679 276 713 S.
300 679 467 713 COLMUS
493 679 753 722 incomparabili
780 680 872 712 vitae
898 677 1080 711 sanctitate
1105 677 1178 710 suis
1203 677 1387 720 praeluxit,
1416 676 1595 719 episcopus

241 736 460 769 doctissimus
490 735 675 774 Orcadum‚
706 736 767 779 qui
796 735 926 768 Romae
953 737 1170 766 consecratus
1197 732 1378 765 familiaris
1407 731 1595 765 Benedicto

241 791 323 825 VII.
343 792 373 824 ei
391 802 453 824 sua
471 802 575 834 opera
592 792 817 834 nuncupavit,
835 795 874 823 ut
892 791 928 822 in
947 789 1063 822 Indice
1082 788 1233 821 Maiano.
1285 787 1430 831 Scripsit

383 847 436 880 De
453 847 696 880 inaestimabili
714 847 843 880 Missae
861 845 1033 879 Sacrificio
1250 844 1308 877 lib.
1329 853 1353 877 1.

386 903 562 936 Passionis
580 902 782 936 Dominicae
801 901 972 945 Mysteria
1251 900 1311 933 lib.
1332 909 1356 933 1.

383 959 436 991 De
455 958 619 991 Conciliis
637 958 855 1003 generalibus
1250 956 1310 989 lib.
1331 964 1355 988 1.

288 1015 425 1048 Floruit
442 1026 533 1048 anno
553 1024 626 1048 mx.
662 1014 798 1046 Colitur
814 1013 999 1056 praecipua
1011 1012 1161 1056 quadam
1176 1012 1352 1056 religione,
1366 1013 1496 1055 templa
1510 1012 1594 1051 Deo,

239 1071 303 1104 sub
320 1071 538 1104 invocatione
556 1070 676 1114 ipsius,
694 1070 791 1102 varia
807 1069 930 1108 dicata,
949 1069 1004 1101 die
1022 1076 1074 1100 VI.
1093 1067 1116 1100 J
1119 1068 1204 1101 unii.
1248 1067 1406 1101 Breviar.
1426 1068 1547 1101 Scotic.

657 1181 691 1213 S.
720 1179 1042 1214 CHRISTIANA.
1096 1178 1176 1213 268.

237 1294 271 1327 S.
299 1294 565 1332 CnmsmANA,
591 1294 646 1326 vel
672 1292 861 1330 Christina,
890 1292 961 1324 filia
984 1291 1156 1335 Agathae,
1183 1292 1224 1325 de
1249 1303 1318 1335 qua
1341 1292 1400 1325 lib.
1428 1301 1452 1325 1.
1479 1302 1594 1335 supra,

236 1361 333 1384 soror
360 1349 394 1382 S.
423 1349 654 1394 Margaretae,
688 1348 913 1381 monasticam
950 1347 1059 1380 vitam
1092 1348 1261 1390 amplexa,
1296 1348 1499 1381 Buchanan.
1534 1349 1593 1381 lib.

236 1415 306 1439 v11.
334 1405 426 1439 Hist.
455 1404 546 1439 Scot.
570 1416 613 1438 ex
639 1415 679 1438 eo
705 1403 854 1437 Jacobus
879 1402 1062 1436 Gretserus
1089 1402 1321 1436 Commentar.
1349 1403 1496 1448 Exeget.
1523 1415 1596 1437 mo-

235 1463 361 1495 nialem
395 1461 519 1494 induit.
554 1460 748 1494 Wcstmon.
784 1459 912 1492 Matth.
949 1458 1059 1492 Paris.
1095 1458 1258 1502 Polydor.
1293 1458 1419 1504 Virgil.
1455 1465 1489 1493 et
1523 1460 1592 1493 alii.

235 1516 381 1560 Scripsit

382 1571 559 1615 Epistolas
578 1571 620 1603 ad
639 1571 780 1604 Patrem
798 1570 921 1615 Regno
939 1572 1080 1613 pulsum
1249 1571 1309 1604 lib.
1329 1580 1353 1603 1.

283 1628 419 1661 Claruit
436 1638 526 1660 anno
546 1635 710 1660 MLXVH.
748 1626 838 1659 Vide
856 1626 1076 1660 Matthaeum
1094 1627 1195 1660 Paris
1213 1628 1257 1660 ad
1274 1638 1405 1660 annum
1425 1636 1491 1660 MC.
1528 1628 1594 1660 Po-

235 1684 395 1728 lydorum
413 1683 472 1717 lib.
492 1692 548 1716 lx.
599 1683 735 1716 Colitur
752 1691 823 1715 VII.
842 1681 1014 1726 Septemb.

516 1794 538 1827 J
540 1794 681 1828 OANN
685 1794 743 1827 ES
770 1793 1176 1827 CAMPUSBELLUS.
1229 1793 1310 1831 269.

234 1907 257 1939 J
261 1916 421 1940 OANNES
439 1907 713 1950 Campusbellus‚
733 1907 915 1939 vernacule
929 1905 1094 1944 Cammel,
1113 1906 1327 1939 nobilissima
1345 1907 1510 1940 comitum
1525 1907 1593 1940 Ar·

234 1963 404 2008 gatheliae
429 1964 531 1996 domo
558 1963 737 2001 oriundus,
763 1962 930 1994 foecundo
957 1962 1107 2005 ingenio,
1132 1967 1166 1995 et
1191 1963 1351 1995 omnibus
1369 1963 1521 1996 scientiis
1539 1974 1593 1996 ac-

234 2019 460 2056 commodato,
486 2023 521 2051 et
546 2019 583 2050 in
614 2018 790 2051 academia
818 2017 1018 2057 Parisiensi,
1050 2029 1090 2051 ac
1117 2018 1330 2051 Bononiensi
1355 2018 1391 2051 in
1419 2018 1532 2058 Italia,
1558 2025 1592 2053 et

235 2074 327 2107 domi
340 2074 431 2116 apud
443 2084 522 2106 suos
536 2084 673 2106 summa
687 2074 892 2106 claritudine
906 2074 1031 2119 viguit.
1058 2073 1154 2107 Eum
1167 2079 1187 2093 ‘⁶
1198 2075 1383 2117 probatum
1396 2076 1591 2108 auctorem”

235 2131 387 2173 appellat
405 2129 452 2161 H.
473 2129 652 2168 Boethius,
673 2130 761 2162 etin
784 2130 837 2162 his
861 2141 939 2163 eum
962 2135 1122 2164 numerat
1139 2142 1225 2175 quos
1249 2132 1314 2164 sibi
1340 2131 1531 2175 sequendos
1555 2132 1590 2164 in

235 2185 351 2229 patria
369 2185 568 2218 adornanda
586 2185 759 2228 proponit.
812 2185 957 2228 Scripsit

380 2240 562 2274 Scotorum
580 2240 774 2273 Chronicon
1247 2242 1306 2275 lib.
1326 2251 1350 2275 1.

282 2296 382 2330 Vixit
400 2307 491 2330 anuo
510 2304 659 2330 MCCLx.
678 2301 845 2341 regnante
862 2297 954 2339 apud
972 2296 1091 2331 Scotos
1108 2297 1310 2331 Alexandro
1328 2297 1395 2330 111.
