1861 2682
271 256 333 286 184
645 255 872 287 HISTORIA
895 252 1259 285 ECCLESIASTICA

273 348 352 380 lasti
370 347 625 380 modulabiliter
643 344 847 378 decantari?
876 344 1011 382 Quibus
1038 348 1188 382 sanctus,
1216 354 1322 386 quare
1345 346 1380 375 et
1403 353 1464 375 vos
1488 344 1626 377 inutilia

271 414 362 436 nunc
379 402 541 446 profertis
559 401 691 434 verba?
711 401 883 444 quomodo
901 399 944 431 ab
957 399 1017 431 illo
1030 399 1156 430 misero
1169 398 1398 430 homuncione
1412 399 1624 441 postularem

271 470 407 492 carmen
424 458 586 496 laetitiae,
605 458 664 500 qui
683 467 774 489 nunc
792 456 835 488 ab
853 453 1001 487 inimicis
1019 453 1213 485 trucidatus
1231 464 1340 496 usque
1355 454 1398 486 ad
1412 453 1515 486 finem
1530 454 1624 486 ocius

270 514 428 556 pervenit
454 514 546 546 vitae
559 512 595 544 ?⁷'
620 512 738 555 Atque
765 513 814 544 ita
839 512 876 543 in
901 513 1085 551 conspectu
1109 508 1166 541 ille
1191 520 1209 541 e
1235 509 1383 553 vestigio
1409 509 1623 543 interfectus.

271 569 344 602 Nec
362 571 462 612 plura
479 569 520 601 de
538 580 577 601 eo
594 568 687 610 apud
704 568 811 600 alium
829 565 971 598 memini
989 575 1043 597 me
1061 565 1184 609 legere.
1229 563 1320 609 Ejus
1338 569 1421 598 sunt
1439 566 1624 608 opuscula:

411 624 575 657 Carmina
592 624 690 656 varia
1134 621 1193 653 lib.
1214 629 1238 653 I.

412 680 507 712 Odae
525 684 559 711 et
577 679 721 711 Cantica
1135 677 1193 709 lib.
1215 685 1239 708 1.

307 736 406 770 Vixit
419 736 508 768 circa
521 745 651 767 annum
665 742 727 766 Dc.
743 736 947 766 coaetaneus
961 731 996 764 S.
1012 732 1240 771 Columbano,
1257 733 1299 765 de
1312 743 1381 776 quo
1394 733 1494 776 plene
1507 744 1623 776 supra.

618 843 903 878 GILBERTUS
928 843 1142 878 CRABBE.
1193 846 1274 877 322.

268 959 498 993 GILBERTUS
516 958 663 996 Crabbe,
685 956 906 990 celeberrimo
928 967 990 999 per
1008 956 1138 989 Gallias
1157 957 1307 1001 ingenio,
1333 956 1536 995 eruditione,
1560 957 1623 989 lin-

264 1027 345 1061 gua,
359 1020 394 1048 et
406 1015 557 1048 nomine.
589 1014 728 1046 Laudat
742 1013 932 1055 impensius
947 1012 1126 1046 Arnoldus
1139 1012 1342 1045 Amedelius
1357 1013 1398 1045 de
1413 1012 1524 1051 Souis,
1540 1012 1623 1046 Car-

264 1072 382 1105 melita
400 1070 661 1108 Condomensis,
679 1070 716 1102 in
735 1068 906 1112 Epistolis
924 1069 1007 1102 suis.
1059 1068 1167 1102 Edita
1184 1072 1267 1101 sunt
1284 1068 1327 1101 ab
1347 1079 1406 1101 eo:

409 1126 653 1159 Terminorum
672 1125 861 1157 Moralium
1180 1125 1240 1157 lib.
1260 1133 1284 1156 Ι.

412 1183 484 1216 Pro
503 1181 664 1214 Puritate
684 1181 817 1214 Mariae
1186 1180 1246 1213 lib.
1267 1188 1282 1212 1

409 1238 467 1271 Ad
485 1249 564 1270 suos
583 1237 781 1280 Discipulos
1182 1236 1241 1269 lib.
1262 1244 1286 1268 Ι,

310 1295 409 1329 Obiit
423 1294 653 1338 Burdegaliae
669 1303 760 1325 anno
773 1301 906 1325 MDXX.
953 1292 1038 1326 Fuit
1051 1291 1274 1335 provincialis
1290 1291 1362 1324 ord.
1378 1291 1615 1325 Carmelitani.

607 1404 642 1437 S.
669 1403 942 1437 CUMENEUS
967 1404 1139 1437 ALBUS.
1192 1406 1272 1436 323.

265 1520 299 1552 S.
328 1519 554 1552 CUMENEUS
580 1517 623 1549 ab
649 1516 772 1549 habitu
798 1516 950 1559 corporis
977 1516 1090 1549 Albus
1119 1520 1273 1554 vocatur,
1302 1526 1397 1548 more
1425 1516 1476 1548 illi
1507 1517 1619 1549 seculo

264 1574 438 1612 familiari,
469 1578 510 1606 ut
543 1572 751 1605 Brandanus
782 1571 902 1615 Niger,
933 1572 1072 1604 Ewaldi
1103 1571 1217 1604 Albus
1244 1575 1278 1603 et
1308 1570 1430 1615 Niger,
1459 1582 1550 1604 unus
1577 1582 1620 1605 ex

264 1631 387 1675 primis
419 1628 664 1662 Benedictinae
690 1627 841 1659 familiae
867 1628 903 1659 in
929 1627 1043 1661 Scotia
1069 1627 1256 1665 monachis,
1283 1637 1325 1659 ex
1351 1627 1537 1660 bardorum
1562 1639 1620 1672 ge-

264 1695 367 1720 nere:
399 1686 526 1718 visitur
559 1685 589 1716 ei
620 1684 657 1716 in
689 1683 775 1715 Iona
804 1683 920 1716 insula
948 1685 1111 1716 sacellum
1141 1693 1247 1726 prope
1277 1682 1498 1721 Columbkill,
1527 1684 1618 1726 quod

264 1746 366 1786 putat
391 1741 564 1773 Henricus
591 1739 766 1772 Sinclarus
793 1739 874 1771 aede
900 1740 1024 1784 majori
1050 1739 1228 1782 antiquius
1253 1749 1337 1777 esse,
1363 1738 1446 1781 quia
1469 1739 1543 1781 ipse
1568 1749 1619 1771 se-

263 1809 331 1831 nex
348 1801 437 1830 esset
454 1796 536 1828 dum
556 1795 590 1827 S.
610 1795 778 1827 Columba
796 1795 1036 1838 ingrederetur
1053 1795 1214 1828 Scotiam.
1266 1794 1412 1837 Scripsit

409 1853 614 1885 Sanctorum
633 1850 874 1895 Genealoghas,
893 1861 1006 1889 versu,
1227 1850 1286 1883 lib.
1306 1859 1330 1882 1.

309 1909 498 1952 Depositus
516 1912 567 1940 est
584 1918 674 1939 anno
693 1915 820 1939 DXCII.
864 1906 999 1939 Colitur
1018 1914 1070 1938 IV.
1089 1906 1204 1948 April.
1247 1905 1411 1938 Meminit
1424 1905 1534 1938 sancti
1552 1906 1618 1938 viri

263 1965 297 1998 S.
315 1965 543 1997 Adamannus
561 1963 684 1995 Scotus
703 1962 738 1994 in
762 1961 848 1994 Vita
869 1961 904 1994 S.
924 1961 1110 1994 Columbae
1134 1962 1193 1994 lib.
1219 1969 1277 1993 111.
1302 1972 1375 2004 cap.
1402 1969 1451 1993 IV.
1499 1960 1618 1994 Vitam

263 2021 338 2065 ejus
355 2020 492 2063 scripsit
511 2018 543 2051 S.
562 2017 788 2051 Everhardus
806 2017 911 2049 abbas
929 2017 965 2049 in
985 2016 1113 2050 Holmo
1131 2016 1300 2050 Cultram.

507 2127 899 2163 CHRYSOSTOMUS
924 2128 1236 2161 CAMBELLUS.
1288 2131 1369 2162 324.

264 2245 581 2279 CHRYSOSTOMUS
615 2242 766 2281 Cambel,
801 2253 862 2274 seu
897 2241 1170 2283 Campusbellus,
1205 2239 1434 2277 Glascuensis,
1469 2240 1617 2283 integer-

263 2301 370 2333 rimae
411 2299 514 2338 vitae‚
565 2309 603 2332 ac
644 2298 852 2332 sanctissimi
895 2297 940 2330 D.
984 2296 1157 2330 Francisci
1202 2296 1332 2329 ordinis
1374 2295 1439 2328 sub
1479 2295 1617 2328 nomine
