1861 2682
264 273 325 302 118
637 273 861 305 HISTORIA
886 274 1249 305 ECCLESIASTICA

264 366 391 410 ubique
408 370 550 411 gratus3
578 366 718 398 demum
736 364 1019 397 concurrentibus
1038 365 1074 396 in
1097 364 1318 398 Britanniam
1337 365 1484 397 literatis
1503 366 1544 398 ad
1563 367 1584 398 J
1588 379 1621 399 a·

265 422 338 454 cohi
357 422 447 466 regis
466 421 768 465 inaugurationem
787 420 896 452 veluti
919 420 963 452 ad
986 430 1131 464 agonem
1155 420 1344 459 Albanum,
1362 420 1436 463 ipse
1453 431 1492 453 eo
1517 422 1619 454 etiam

264 488 299 510 se
325 477 482 515 contulit,
508 476 567 509 ubi
594 487 672 509 cum
698 476 861 519 pauculos
887 476 923 508 in
949 476 1028 508 aula
1054 485 1187 509 menses
1214 475 1368 515 vixisset,
1390 477 1473 509 dum
1499 487 1620 509 manus

262 533 425 572 ablueret,
448 533 638 576 intercepto
656 533 796 575 spiritu,
814 532 958 569 interiit,
977 541 1053 563 cum
1074 531 1146 572 ipse
1164 540 1207 562 ex
1224 531 1412 576 astrologia
1437 532 1497 564 diu
1521 538 1620 564 antea

262 589 551 631 deprehendisset,
569 599 630 621 nec
648 588 822 631 publicare
839 587 1005 625 cessisset,
1028 596 1117 628 aqua
1143 596 1178 618 se
1204 586 1411 629 periturum.
1464 586 1548 620 Fuit
1567 589 1620 619 vir

261 644 414 677 moribus
439 645 591 682 sinceris,
617 649 651 677 et
676 644 764 677 comi
791 643 988 685 affabilique
1005 642 1098 674 vitae
1115 642 1388 675 consuetudine:
1414 653 1491 675 eum
1511 644 1619 686 elegia

262 700 478 732 commendat
497 699 670 732 Henricus
689 699 873 732 Hussanus
892 697 1116 730 Isenacensis.
1167 696 1313 740 Scripsit

406 755 607 797 Principum
625 755 842 797 quorundam
861 753 1010 786 Geneses
1178 753 1237 786 lib.
1257 762 1281 786 1.

405 810 447 843 In
465 809 653 854 Algebram
672 810 928 843 Commentaria
1178 809 1236 842 lib.
1257 818 1280 842 Ι.

402 866 444 898 In
462 866 609 908 Opticen
627 865 872 899 Conclusiones
1176 866 1236 899 lib.
1258 874 1281 899 Ι.

402 921 456 954 Ac
473 921 586 954 nescio
604 922 689 965 quid
706 922 743 954 in
761 922 995 955 controversia
1013 922 1162 965 quadam
1182 933 1259 955 cum
1277 921 1437 965 patribus
1455 921 1478 954 J
1480 923 1611 956 esuitis.

309 977 407 1010 Obiit
424 976 582 1010 Dantisci
600 988 691 1010 anno
710 985 856 1010 MDCXI.

555 1088 866 1123 GUILIELMUS
893 1088 1186 1122 BARCLAIUS.
1239 1091 1318 1125 207.

260 1204 519 1235 GUILIELMUS
546 1202 725 1235 Barclaius
751 1200 1020 1239 Abel-(lonensis,
1047 1202 1075 1234 si
1103 1211 1172 1234 non
1194 1201 1312 1239 nobili,
1330 1202 1451 1234 saltem
1470 1201 1614 1233 honesto

258 1260 329 1291 loco
347 1264 460 1297 natus,
479 1269 615 1291 summa
633 1258 838 1291 claritudine
857 1257 988 1301 ingenii
1008 1265 1074 1289 XL.
1101 1257 1200 1290 annis
1225 1256 1307 1289 totis
1333 1257 1369 1288 in
1399 1256 1612 1289 Ponti-Mus·

257 1325 340 1346 sana
366 1315 539 1347 academia
560 1315 621 1358 jus
646 1314 782 1356 publice
807 1312 993 1355 professus,
1022 1323 1148 1355 paucos
1166 1323 1229 1345 suo
1246 1322 1330 1345 aevo
1347 1312 1613 1356 jurisconsultos

258 1380 366 1412 pares,
394 1370 606 1412 superiorem
632 1369 767 1401 nullum
793 1368 926 1400 habuit.
979 1367 1036 1400 Ex
1062 1367 1259 1412 Anglicano
1284 1378 1428 1404 secessu,
1455 1378 1523 1411 quo
1541 1370 1612 1411 regi

256 1426 369 1458 §cotia
399 1435 536 1469 egresso
570 1425 874 1469 congratulaturus
908 1434 943 1456 se
979 1424 1181 1461 contulerat,
1213 1422 1472 1466 Mussipontum
1503 1424 1613 1455 redire

258 1482 389 1514 frustra
413 1480 505 1513 fuit:
532 1485 675 1513 vocatus
700 1480 817 1522 itaque
843 1479 886 1512 ab
911 1478 1222 1523 Andegavensibus
1248 1479 1434 1521 primarius
1463 1483 1613 1511 anteces-

257 1550 312 1570 sor
331 1539 366 1571 in
385 1550 424 1571 ea
442 1538 615 1571 academia
632 1542 804 1570 senectam
822 1536 1011 1579 aquilinam
1040 1535 1292 1567 honestissimis
1319 1534 1442 1567 studiis
1468 1534 1613 1567 oblecta-

258 1595 316 1626 vit.
368 1593 457 1638 Ejus
476 1598 579 1626 sunt:

399 1650 452 1683 De
469 1649 646 1682 Potestate
665 1648 780 1691 Papae
800 1647 1010 1690 (suspectum
1030 1653 1129 1689 opus)
1172 1645 1230 1679 lib.
1252 1654 1274 1677 1.

400 1705 530 1738 Contra
549 1703 880 1738 Monarchomachos
1171 1702 1229 1734 lib.
1251 1710 1274 1733 Ι.

400 1760 442 1794 In
461 1761 602 1794 titulum
621 1760 662 1792 de
681 1759 796 1792 Paetis
1171 1757 1229 1790 lib.
1250 1766 1274 1789 1.

399 1818 441 1850 In
458 1817 600 1850 titulum
618 1816 660 1848 de
677 1815 700 1848 J
703 1815 912 1860 urejurando
1167 1813 1225 1846 lib.
1248 1822 1271 1845 1.

307 1875 372 1907 Sed
399 1875 468 1907 duo
498 1874 610 1916 prima
639 1882 742 1915 opera
772 1872 960 1904 multorum
991 1871 1171 1903 doctorum
1203 1869 1500 1902 lucubrationibus
1530 1876 1609 1902 sunt

255 1931 408 1975 agitata;
436 1940 527 1967 nam,
546 1933 586 1961 ut
603 1928 777 1961 illustriss.
797 1926 989 1959 Robertum
1008 1925 1259 1958 Bellarminum
1277 1924 1446 1963 omittam,
1473 1926 1608 1968 scripsit

254 1988 289 2018 in
308 1997 385 2018 eum
404 1985 576 2027 Josephus
605 1983 797 2017 Bonfadius
819 1982 985 2019 Venetus,
1012 1986 1043 2013 et
1070 1980 1228 2013 Adamus
1256 1980 1445 2014 Reutterus
1472 1980 1609 2013 Codbus

253 2041 446 2085 Marpurgi.

302 2097 397 2128 Obiit
417 2095 599 2139 Andegavi
618 2095 742 2128 ultima
759 2098 895 2127 senecta
912 2097 946 2125 et
964 2092 1108 2135 penuria
1125 2102 1215 2125 anno
1236 2100 1266 2124 M
1274 2100 1379 2124 Dexl.

587 2188 814 2222 JOANNES
839 2187 1133 2221 BARCLAIUS.
1185 2190 1263 2220 208.

251 2264 436 2297 JOANNES
464 2262 654 2301 Barclaius,
686 2261 874 2294 medicinae
903 2261 1032 2298 doctor,
1064 2260 1119 2292 vir
1147 2259 1214 2293 fuit
1248 2261 1320 2293 sine
1356 2260 1461 2293 dubio
1493 2261 1605 2293 litera-

254 2320 419 2358 tissimus,
446 2319 504 2352 sed
531 2318 574 2351 ad
599 2328 653 2350 me
678 2327 788 2359 pauca
814 2316 922 2360 ipsius
948 2316 1075 2358 scripta
1093 2320 1345 2359 pervenerunt3
1373 2316 1511 2349 unicum
1532 2320 1605 2348 tan-
