1861 2682
587 234 758 266 GENTIS
785 234 1057 271 SCOTORUM,
1082 235 1170 266 LIB.
1196 235 1258 266 111.
1547 239 1607 269 167

388 326 635 360 Meditatioues
654 338 758 370 super
776 327 942 360 Passione
960 327 1103 360 Domini
1256 327 1315 361 lib.
1337 337 1360 360 Ι.

292 382 453 415 Florebat
473 393 565 415 anno
584 391 809 416 Dccxxxlv.
849 383 935 416 Dies
953 384 1118 418 incertus.

671 496 705 528 S.
733 495 968 528 CONNALL
975 495 1041 528 US.
1094 495 1173 529 286.

241 607 274 638 S.
293 606 465 639 CONNAL
473 614 542 639 LUs
556 606 690 645 Scotus,
704 607 904 646 monachus,
918 607 1045 641 Sancto
1059 607 1247 641 Columbae
1261 620 1297 641 se
1311 609 1432 653 junxit
1450 621 1493 642 ex
1510 611 1603 644 insu-

239 662 281 694 lis
307 662 344 693 in
369 661 554 695 Albionem
578 663 742 702 venienti,
770 675 831 697 nec
857 664 917 696 diu
942 668 1020 706 post
1041 664 1251 697 monasterio
1276 664 1399 698 Divini
1426 665 1533 699 Ruris
1560 667 1602 699 ab

239 718 356 750 eodem
375 723 494 751 sancto
512 724 710 752 constructo
727 720 932 762 praefectus,
950 731 1087 752 summa
1104 720 1317 753 continentia
1341 721 1441 761 vixit,
1466 727 1505 755 ut
1529 728 1602 755 erat

239 773 323 806 illud
342 775 495 806 seculum
513 773 588 807 Deo
605 776 753 818 placens,
771 786 833 809 nec
850 776 945 808 aliud
964 780 1163 809 sanctorum
1186 775 1334 810 feracius
1357 782 1486 811 temere
1507 779 1602 823 Judi-

237 829 356 862 carim.
408 829 545 873 Scripta
563 830 723 863 Connalli
742 832 930 874 perierunt.

287 885 449 919 Florebat
467 887 504 919 in
522 886 637 920 Scotia
655 898 746 920 anno
768 896 877 920 Dclx.
929 887 1066 920 Colitur
1083 888 1139 920 die
1157 897 1198 920 11.
1217 888 1239 920 J
1242 889 1328 921 unii.

656 999 690 1031 S.
718 998 1045 1032 CORBICANUS.
1098 1002 1177 1035 287.

236 1112 270 1141 8.
295 1110 563 1149 CouchNUS,
586 1111 776 1143 monachus
800 1122 838 1144 ac
860 1111 1043 1155 presbyter
1057 1111 1194 1151 Scotus,
1213 1114 1287 1145 zelo
1311 1114 1434 1146 domus
1459 1113 1525 1147 Dei
1548 1116 1600 1147 in-

235 1175 366 1204 census,
386 1165 429 1197 ad
447 1166 655 1208 populorum
673 1167 931 1200 conversionem
949 1168 1104 1200 animum
1122 1168 1282 1207 intendit,
1302 1173 1336 1202 et
1349 1180 1428 1201 cum
1442 1169 1476 1202 S.
1492 1170 1599 1203 Adal-

233 1221 309 1265 giso
330 1220 445 1254 Scotia
469 1232 638 1266 egressus,
664 1222 701 1254 in
726 1221 891 1266 Belgium
916 1233 952 1256 se
977 1224 1136 1262 contulit,
1161 1224 1221 1256 ubi
1247 1224 1340 1258 inter
1364 1226 1478 1270 gentis
1504 1226 1597 1259 illius

236 1278 439 1320 apostolicos
457 1277 551 1310 viros
569 1282 786 1318 numeratur,
806 1282 847 1311 ut
864 1289 907 1311 ex
924 1278 1010 1311 Vita
1027 1278 1062 1311 S.
1081 1279 1242 1324 Adalgisi
1260 1280 1432 1314 docemur.
1485 1282 1599 1325 Scrip-

233 1339 269 1367 ta
288 1334 506 1367 interierunt.

283 1390 575 1435 Peregrinabatur
586 1401 677 1424 anno
689 1398 795 1424 DCLI.
807 1395 848 1424 ut
861 1401 903 1424 ex
917 1389 1096 1435 Sigeberto
1110 1391 1252 1424 clarum.
1281 1392 1417 1426 Colitur
1431 1394 1486 1427 die
1498 1403 1594 1427 xxv.

233 1444 342 1479 Junii.

688 1559 723 1591 S.
750 1558 1005 1592 CYRIACUS.
1061 1562 1141 1593 288.

232 1671 266 1702 S.
297 1670 512 1709 CYRIACUS,
547 1670 601 1703 vir
635 1672 761 1705 summi
796 1671 957 1709 nominis,
991 1672 1172 1714 episcopus
1203 1672 1336 1712 Scotus,
1371 1679 1405 1707 et
1435 1682 1592 1719 martyr:

232 1726 287 1758 hie
321 1727 412 1759 enim
448 1726 581 1759 Romae
614 1726 797 1759 cardinalis
827 1727 961 1771 agebat,
993 1739 1071 1760 cum
1102 1727 1136 1760 S.
1169 1727 1299 1761 Ursula
1329 1730 1486 1774 virginea
1515 1742 1593 1764 eum

231 1782 364 1826 legione
381 1794 421 1815 eo
439 1783 545 1821 venit,
564 1787 598 1816 et
616 1787 636 1801 “
654 1782 737 1825 quia
759 1788 833 1816 erat
856 1794 899 1815 ex
922 1784 997 1827 ejus
1019 1784 1162 1826 patria,”
1189 1789 1228 1817 ut
1254 1786 1409 1828 loquitur
1434 1785 1592 1831 Catalogi

230 1842 350 1870 auctor
368 1838 494 1871 Petrus
516 1839 574 1872 lib.
598 1847 652 1871 IX.
675 1849 748 1882 cap.
769 1847 924 1871 xxcvn.
952 1840 1029 1872 ideo
1053 1850 1131 1872 cum
1149 1840 1209 1872 illa
1234 1842 1395 1884 martyrii
1421 1842 1590 1876 desiderio

230 1892 376 1932 fervens,
407 1894 586 1927 Coloniam
621 1905 656 1927 se
687 1896 845 1934 contulit,
877 1895 936 1928 ubi
966 1900 1121 1938 optatam
1151 1896 1211 1929 diu
1242 1898 1393 1939 palmam
1424 1900 1588 1941 percepit,

229 1960 307 1981 cum
322 1949 515 1994 virginibus
529 1961 657 1984 caesus.
689 1949 798 1983 Errat
813 1961 894 1984 vero
908 1950 1033 1984 Petrus
1048 1951 1248 1995 Equilinus,
1262 1963 1373 1996 nuper
1386 1955 1459 1986 loco
1473 1955 1589 1988 lauda-

229 2010 276 2042 to,
309 2005 368 2047 qui
391 2015 469 2037 eum
493 2005 690 2048 pontificem
714 2006 906 2039 maximum
932 2012 966 2039 et
997 2008 1159 2040 eeclesiae
1186 2014 1290 2051 caput
1321 2008 1428 2042 fuisse
1458 2011 1588 2049 scribit,

229 2065 262 2092 et
294 2060 434 2102 insuper
468 2061 504 2092 in
538 2060 634 2093 Petri
668 2062 831 2094 cathedra
860 2063 988 2095 sedisse
1015 2073 1106 2095 anno
1135 2074 1216 2102 uno,
1251 2064 1427 2097 mensibus
1461 2066 1587 2104 decem,

228 2115 348 2148 diebus
370 2116 516 2160 viginti;
539 2127 616 2149 cum
638 2127 707 2149 non
732 2118 777 2149 sit
800 2118 988 2151 verisimile
1006 2129 1096 2157 eum,
1122 2124 1161 2152 ut
1179 2120 1236 2152 ille
1255 2120 1315 2158 ait,
1342 2124 1362 2138 “
1380 2121 1462 2163 quia
1479 2122 1588 2153 cardi-

227 2171 363 2203 nalibus
389 2177 424 2204 et
449 2172 538 2204 clero
564 2172 684 2204 invitis
707 2172 862 2211 decessit,
889 2185 1025 2207 erasum
1051 2175 1253 2218 pontificum
1280 2176 1357 2209 albo
1373 2177 1402 2215 ;'’
1430 2188 1498 2210 nou
1524 2186 1586 2215 est,

226 2228 379 2269 inquam,
410 2227 607 2265 verisimile,
638 2228 721 2270 quia
745 2228 909 2261 historica
934 2230 1162 2264 ecclesiastica
1186 2242 1255 2264 non
1283 2238 1450 2264 memorat
1476 2234 1584 2264 ullum

226 2283 267 2314 ad
287 2294 361 2316 eam
381 2283 494 2315 sedem
517 2284 674 2321 electum,
696 2288 818 2326 sponte
840 2284 1045 2324 discessisse,
1072 2292 1209 2328 praeter
1235 2287 1268 2319 S.
1298 2287 1440 2319 Petrum
1469 2288 1585 2320 Coele-
