1861 2682
617 267 788 301 GENTIS
809 265 1079 303 SCOTORUM,
1104 264 1190 296 LIB.
1216 266 1259 297 11.
1583 266 1616 297 9]

696 416 732 450 S.
760 414 1040 450 BARNABAS.
1093 413 1173 448 160.

258 532 293 564 S.
323 531 552 568 BARNABAS‚
576 529 752 572 apostolus
778 532 810 562 et
837 528 1028 572 discipulus
1054 526 1209 565 Domini,
1235 526 1272 559 in
1297 525 1414 559 Scotia
1439 527 1617 559 conciona-

257 592 324 624 tus,
343 586 561 631 evangelium
579 584 729 624 diffudit,
749 584 876 630 Georg.
894 582 1073 617 Garnefelt
1090 581 1344 616 Carthusianus
1362 582 1436 615 loco
1461 583 1616 625 proxime

255 652 362 685 supra
381 642 519 675 laudato
537 651 579 674 ex
597 641 716 674 multis
734 640 943 679 auctoribus,
960 638 1087 683 quibus
1101 638 1298 671 addendum
1312 637 1591 672 Scotichronicou
1606 650 1614 675 ς

255 703 290 731 et
318 698 408 730 hanc
436 697 583 742 gloriam
615 696 707 730 Scoti
737 696 893 731 lubentes
922 705 1140 734 veneramur,
1172 699 1378 738 tantumque
1413 705 1615 737 praeconem

256 754 356 786 enixe
374 763 514 786 oramus
531 753 698 796 quotidie,
721 757 762 786 ut
778 763 818 786 ea
834 752 980 795 puritas,
1004 761 1108 795 quam
1133 751 1206 794 ipse
1229 751 1357 784 insevit
1380 749 1514 784 Scotiae
1538 761 1615 783 nos-

255 814 340 847 trae,
366 809 507 842 tandem
532 809 650 842 redeat
675 819 754 842 cum
779 819 819 842 eo
841 807 977 841 fervore
999 818 1068 851 quo
1090 817 1127 840 se
1149 807 1206 839 ille
1230 805 1296 839 Dei
1315 807 1474 840 ecclesiae
1492 817 1615 849 propa-

254 865 388 909 gandae
406 865 604 898 devoverat.
656 864 749 898 Hinc
768 863 896 897 habent
913 863 1017 902 Scoti‚
1041 863 1134 907 quod
1156 867 1259 896 antea
1281 863 1489 901 nesciebant,
1514 862 1615 896 fidem

254 921 386 955 Christi
411 921 644 963 apostolorum
668 919 892 963 temporibus,
916 924 951 953 et
973 919 1017 953 ab
1040 919 1124 962 ipsis
1148 919 1323 962 apostolis,
1341 919 1407 952 sibi
1426 919 1616 952 communi-

255 982 378 1015 catam,
396 981 431 1010 et
447 976 619 1010 maturius
637 984 693 1009 cc.
711 975 811 1009 annis
828 986 933 1019 quam
950 975 1151 1019 putabatur.
1177 974 1287 1008 Porro
1304 974 1365 1009 SS.
1390 976 1445 1008 vir
1461 976 1614 1018 scripsis-

254 1044 292 1065 se
309 1032 499 1075 putabatur

401 1088 596 1132 Epistolam
614 1088 657 1121 ad
675 1087 849 1122 Ecclesiae
867 1086 1151 1120 Aedificationem
1169 1087 1410 1130 pertinentem.
1458 1087 1615 1130 Apocry-

448 1144 554 1186 pham
577 1148 693 1178 censet
716 1143 863 1178 Sanctus
889 1142 1127 1186 Hieronymus
1145 1142 1323 1188 Catalogo.
1351 1143 1476 1177 Petrus
1500 1143 1558 1176 lib.
1580 1152 1614 1175 v,

447 1209 522 1241 cap.
541 1207 602 1231 cv,

303 1255 439 1289 Colitur
457 1262 513 1287 xl.
531 1253 641 1287 Junii.

665 1349 700 1383 S.
727 1347 1079 1383 BACCHIARIUS.
1133 1349 1213 1383 161.

253 1426 288 1457 S.
309 1424 598 1462 BACCHIARIUS,
615 1426 844 1468 cognomento
861 1421 1055 1461 Maccaeus,
1073 1426 1114 1456 ut
1130 1422 1289 1456 nonnulli
1308 1423 1441 1462 volunt,
1459 1424 1536 1456 licet
1556 1424 1613 1456 alii

253 1482 341 1514 duos
359 1479 499 1518 faciant,
523 1478 713 1522 discipulus
730 1478 850 1512 Sancti
868 1477 1025 1517 Patricii,
1042 1478 1084 1511 de
1101 1488 1171 1522 quo
1187 1483 1299 1523 agunt
1317 1478 1534 1524 Capgravius
1553 1480 1616 1512 Ca-

254 1538 370 1580 talogo
388 1534 447 1568 SS.
468 1535 603 1569 Britan.
624 1533 875 1578 Harpesfeldus
893 1535 1008 1568 seculo
1025 1543 1078 1567 VI.
1096 1545 1170 1578 cap.
1192 1543 1294 1568 XXII.
1346 1534 1492 1578 Scripsit

399 1590 457 1624 Ad
475 1590 628 1624 Leonem
647 1590 676 1623 1.
695 1590 826 1634 Papam
847 1601 909 1634 pro
927 1590 1213 1636 Peregrinatione
1321 1591 1380 1624 lib.
1401 1601 1425 1624 Ι.

302 1647 438 1680 Claruit
463 1657 554 1680 anno
580 1654 746 1680 cechx.
773 1647 833 1689 qui
859 1647 1043 1690 persuadet
1066 1652 1106 1680 ut
1135 1648 1281 1681 eundem
1313 1648 1507 1681 existimem
1538 1660 1614 1681 cum

253 1704 379 1737 Sancto
398 1702 569 1742 Maccaeo,
587 1707 627 1736 ut
644 1701 702 1736 lib.
723 1710 793 1735 XII.
813 1702 915 1736 infra.

699 1815 733 1847 S.
761 1813 1038 1849 BARUCHUS.
1093 1815 1171 1849 162.

253 1929 287 1960 S.
325 1928 554 1966 Banucuns,
589 1928 735 1961 antistes
770 1927 1020 1966 sanctissimus,
1055 1928 1227 1961 maximus
1270 1928 1452 1961 Scotorum
1487 1929 1614 1971 episco-

255 1994 330 2026 pus,
356 1984 415 2026 qui
440 1984 476 2016 in
500 1983 626 2017 Rossia
647 1983 821 2017 residebat
844 1988 884 2016 ut
907 1983 1108 2026 plurimum,
1132 1994 1210 2017 cum
1235 1985 1363 2017 multos
1386 1995 1494 2017 annos
1518 1995 1615 2027 prae-

255 2039 485 2072 dicationibus
518 2040 684 2083 populum
719 2040 890 2078 lactasset,
925 2039 961 2072 in
997 2038 1203 2073 Hiberniam
1237 2041 1387 2078 secessit,
1423 2044 1457 2073 et
1491 2042 1614 2073 exinde

255 2096 290 2127 iu
321 2094 552 2133 Britanniam,
583 2105 644 2128 seu
673 2094 849 2134 KVaffiam,
877 2095 937 2128 ubi
967 2096 1053 2129 obiit
1083 2096 1330 2130 miraculorum
1360 2098 1474 2141 gratia
1509 2099 1615 2142 glori-

256 2152 358 2184 osius.
411 2150 492 2183 Gul.
511 2150 718 2190 Camdenus,
738 2151 803 2184 etsi
820 2151 1024 2191 haereticus,
1042 2157 1158 2186 tamen
1176 2164 1255 2186 eum
1270 2157 1291 2172 “
1306 2153 1419 2186 virum
1437 2155 1613 2186 sanctum’‘

255 2212 355 2240 vocat
380 2217 458 2251 pag.
486 2210 583 2239 va.
609 2206 740 2249 primae
766 2207 937 2240 editionis.
964 2207 1023 2240 Ab
1048 2219 1088 2241 eo
1113 2209 1254 2242 comites
1281 2209 1516 2248 Cathenesiae,
1544 2210 1613 2241 dic-

255 2263 282 2295 ti
312 2262 426 2301 Barri,
456 2273 605 2306 quorum
634 2261 797 2305 frequens
827 2273 905 2295 cum
935 2263 1075 2308 regibus
1107 2265 1236 2298 nostris
1270 2265 1428 2305 affinitas,
1464 2266 1507 2297 ad
1541 2271 1612 2297 ata-

257 2329 390 2357 vorum,
419 2318 497 2352 licet
522 2318 654 2352 minore
680 2318 801 2362 gradu,
828 2323 984 2362 tempora
1008 2319 1269 2355 descenderunt.
1320 2320 1610 2355 Scotichronicon.
