1861 2682
320 227 381 260 295
695 229 920 261 HISTORIA
943 230 1306 264 ECCLESIASTICA

322 321 434 359 rescit,
462 320 649 354 fluviorum
676 322 751 365 regi
774 321 931 354 Eridano
956 332 1061 364 quam
1088 323 1257 364 proxima,
1288 324 1348 366 qui
1374 325 1590 369 navigationi
1617 338 1675 370 ap-

321 376 475 409 tissimus
493 377 645 409 maximo
663 385 715 409 est
729 377 807 409 urbi
823 378 1073 416 emolument03
1093 378 1192 421 cujus
1210 378 1298 411 situs
1318 380 1362 411 ad
1379 381 1624 414 amoenitatem
1641 388 1674 416 et

320 431 567 466 fecunditatem
593 437 709 472 natus,
741 433 830 465 aeris
853 433 1047 476 temperies,
1073 434 1226 477 coelique
1252 434 1443 475 clementia,
1472 436 1580 470 effusa
1604 439 1675 481 pla-

318 488 432 526 nities,
466 489 605 522 collium
638 489 799 533 frugibus
833 488 1041 522 refertorum
1082 490 1273 523 multitudo
1314 501 1385 524 non
1421 502 1546 535 parum
1580 505 1674 527 acco-

318 545 368 576 las
410 544 530 578 reficit.
596 544 655 578 Ad
695 545 874 578 meridiem
916 545 1105 579 umbrifero
1146 544 1415 589 Apenninorum
1456 548 1674 593 aliorumque

317 603 488 635 montium
512 603 601 647 jugo
628 608 823 636 recreatur:
849 602 906 635 hic
932 602 1047 640 Ceres,
1076 601 1134 634 hic
1160 600 1329 641 Bacchus,
1358 603 1415 637 hic
1442 603 1600 638 Pomona
1623 607 1674 639 lu-

316 659 483 698 xuriant3
514 669 663 702 quorum
697 658 880 697 fructibus,
915 664 950 691 et
976 662 1016 691 ut
1046 657 1162 701 pullis,
1192 658 1279 697 ovis,
1309 659 1500 703 ceterisque
1528 665 1674 705 gustatu

316 714 447 747 idoneis
477 714 558 753 frui,
588 715 709 757 utique
738 714 896 758 gestiunt
924 714 1027 747 urbes
1055 724 1161 757 quam
1185 714 1366 757 plurimae,
1392 726 1490 749 caseo
1519 728 1673 760 praeser-

315 771 388 808 tim,
407 771 508 814 longe
526 771 682 803 omnium
700 771 1011 813 praestantissimo,
1037 781 1140 813 quem
1158 780 1221 813 per
1238 770 1393 803 diversas
1413 770 1578 815 Europae
1601 774 1673 816 pla-

313 837 374 869 gas
393 827 502 860 mittit
520 827 793 865 humanissime3
813 827 849 859 in
867 838 908 859 ea
925 827 1014 859 varii
1032 837 1142 869 aquae
1160 827 1270 859 salsae
1286 827 1395 869 putei,
1418 828 1511 860 unde
1528 839 1599 861 non
1620 840 1673 862 so-

313 882 384 913 lum
402 883 446 915 ad
463 893 565 916 usum
584 882 650 915 sibi
668 883 899 915 necessarium
922 883 1027 915 salem
1053 882 1234 922 hauriunt,
1262 882 1349 926 quin
1373 887 1408 916 et
1433 883 1614 917 Parmensi
1639 890 1671 918 et

313 938 592 972 Palavicinorum
623 938 786 971 dominiis
817 938 1114 972 abundantissime
1143 939 1370 981 suppeditat;
1401 939 1478 983 ejus
1506 939 1544 973 in
1573 951 1671 974 mon-

312 994 415 1033 tibus,
434 1000 468 1028 et
485 994 569 1028 ferri
586 1000 621 1028 et
638 995 739 1034 aeris,
758 994 827 1028 huc
843 1000 878 1028 et
895 995 977 1028 illuc
994 995 1168 1033 efferendi,
1186 994 1346 1028 fodinae:
1371 996 1512 1029 collium
1535 996 1671 1030 fruetus

312 1051 549 1093 copiosissimi,
584 1052 695 1085 olivae
725 1052 817 1084 inter
846 1056 987 1089 ceteros,
1018 1061 1168 1093 quarum
1197 1051 1312 1083 oleum
1338 1051 1382 1084 ad
1406 1062 1538 1085 annum
1563 1063 1670 1096 prope

311 1107 433 1140 accolis
458 1108 545 1141 satis
570 1108 627 1141 sit.
679 1107 739 1140 Ad
762 1108 973 1140 occidentem
999 1106 1130 1139 Trebia
1154 1117 1255 1140 amne
1281 1107 1436 1147 alluitur,
1463 1108 1518 1141 cui
1544 1120 1669 1142 nomen

308 1163 443 1206 peperit
460 1163 656 1197 immortale
674 1164 793 1196 caedes
811 1163 1051 1196 Romanorum
1069 1163 1112 1196 ab
1130 1163 1304 1196 Annibale
1321 1169 1471 1207 accepta,
1494 1165 1555 1208 qui
1574 1165 1669 1197 varie

309 1219 442 1252 divisus
468 1230 530 1263 per
555 1221 695 1263 praedia
722 1220 873 1252 molliter
898 1219 1037 1257 labitur,
1064 1223 1099 1252 et
1123 1219 1267 1252 laetiora
1292 1229 1420 1262 pascua
1443 1220 1608 1265 gregibus
1634 1227 1667 1253 et

308 1276 474 1309 armentis
491 1287 562 1309 non
579 1277 718 1320 ingrata
734 1276 905 1318 producit,
929 1286 998 1318 quo
1020 1275 1058 1308 fit
1076 1280 1117 1308 ut
1139 1275 1301 1308 carnibus
1320 1286 1391 1308 non
1413 1276 1573 1318 insipidis
1592 1287 1667 1310 ves-

308 1336 431 1365 cantur
452 1333 595 1365 accolae.
647 1331 822 1369 Ceterum,
850 1342 938 1374 quae
963 1331 1103 1363 urbium
1121 1332 1196 1363 laus
1215 1335 1267 1363 est
1285 1341 1355 1364 non
1372 1331 1507 1370 ultima,
1525 1336 1559 1365 et
1577 1333 1667 1365 anti-

307 1388 440 1430 quitate
469 1387 683 1420 familiarum
711 1392 746 1420 et
773 1386 956 1419 nobilitate
986 1397 1065 1419 cum
1097 1386 1270 1429 plerisque
1301 1386 1423 1419 Italiae
1453 1387 1598 1420 urbibus
1625 1389 1667 1422 de

307 1443 504 1486 principatu
521 1444 722 1482 contendit3
751 1454 792 1475 ex
810 1453 879 1485 qua
896 1453 1001 1485 quam
1025 1442 1168 1485 plurimi
1191 1443 1303 1475 sancti
1327 1443 1498 1482 homines,
1522 1449 1563 1477 ut
1581 1443 1666 1477 Gre-

306 1500 424 1543 gorius
455 1498 501 1532 X.
532 1500 574 1532 de
603 1499 885 1537 Vicecomitibus‚
916 1499 972 1531 vir
998 1499 1249 1537 sanctissimus,
1280 1499 1322 1531 de
1352 1499 1453 1543 cujus
1483 1501 1666 1534 canoniza-

307 1557 399 1588 tione
438 1566 531 1588 nunc
568 1556 661 1598 apud
703 1555 819 1587 sedem
861 1554 1096 1597 apostolicam,
1138 1558 1265 1598 rogatu
1311 1554 1588 1589 Placentinorum
1631 1563 1664 1590 et

304 1611 544 1649 Aretinorum,
579 1612 706 1655 agitur,
740 1610 983 1653 innumerique
1017 1610 1150 1649 heroes,
1181 1610 1224 1643 ad
1256 1621 1393 1643 omnem
1423 1613 1565 1645 omnino
1595 1613 1664 1645 vir-

306 1672 421 1700 tutum
455 1666 735 1700 Christianarum
768 1667 926 1709 politiam
959 1667 1044 1705 nati,
1079 1677 1149 1699 non
1184 1667 1403 1699 mediocriter
1436 1667 1576 1701 Italiam
1609 1680 1664 1702 01·-

305 1730 389 1756 naut
415 1728 449 1756 et
474 1724 662 1756 illustrant.
714 1721 924 1767 Magnificus
955 1722 1189 1756 aedificiorum
1215 1726 1379 1755 ornatus:
1406 1724 1499 1766 quod
1523 1724 1662 1767 publico

304 1784 446 1822 sumptu
480 1790 543 1823 pro
577 1779 774 1812 serereniss.
810 1778 1025 1821 principibus
1055 1782 1293 1811 constructum
1323 1778 1451 1812 visitur
1479 1780 1661 1822 palatium,

304 1836 462 1868 omnibus
505 1835 577 1868 suis
619 1835 817 1868 absolutum
860 1834 1026 1873 numeris,
1068 1835 1265 1877 sapientum
1303 1834 1437 1878 judicio
1479 1835 1517 1868 in
1558 1836 1661 1871 Italia

305 1892 430 1924 forisve
472 1902 584 1935 pauca
624 1892 722 1934 paria
764 1891 825 1923 vix
866 1890 1038 1923 habuerit.
1101 1890 1170 1922 Hic
1203 1891 1419 1933 amplissima
1451 1892 1660 1936 religionum

302 1948 523 1986 monasteria,
557 1959 596 1980 ac
631 1947 814 1989 praecipue
847 1945 892 1978 D.
927 1945 1122 1991 Augustini
1151 1946 1244 1979 inter
1274 1952 1388 1980 cetera
1416 1948 1659 1982 memorabile:

302 2004 414 2037 medio
447 2004 485 2036 in
518 2003 593 2036 foro
623 2002 828 2045 amplissimi
857 2012 896 2034 ac
922 2001 1110 2035 immortali
1137 2002 1333 2046 dignissimi
1368 2004 1535 2036 memoria
1564 2004 1658 2048 prin-

303 2061 391 2102 cipes
421 2059 620 2092 Alexander
650 2063 684 2091 et
712 2058 889 2090 Ranutius
924 2057 1081 2090 Farnesii
1111 2058 1225 2091 aeneis
1257 2059 1409 2092 insident
1435 2061 1544 2103 equis,
1574 2072 1659 2103 quo-

302 2127 377 2148 rum
407 2127 462 2148 ars
486 2120 520 2148 et
548 2120 725 2148 structura
748 2114 792 2146 ad
813 2114 1018 2146 mIraculum
1045 2125 1151 2157 prope
1175 2119 1227 2147 est
1252 2125 1357 2158 opera
1382 2115 1558 2149 Francisci
1583 2117 1658 2149 Mo-

302 2172 368 2204 rbii
395 2172 602 2210 Florentini,
635 2172 720 2203 adeo
747 2175 788 2203 ut
815 2170 876 2203 vix
902 2170 1085 2203 universus
1116 2176 1288 2203 terrarum
1319 2171 1471 2204 ambitus
1501 2172 1658 2216 magnifi-

302 2228 433 2261 centius
457 2238 624 2271 umquam
649 2227 733 2270 quid
756 2226 894 2259 viderit.
945 2225 1051 2259 Urbis
1069 2227 1245 2265 circuitus,
1264 2227 1307 2259 ad
1325 2227 1479 2271 quinque
1496 2228 1658 2261 milliaria

301 2290 473 2323 extensuS,
491 2283 691 2317 fortissimis
709 2283 862 2328 cingitur
876 2282 1056 2316 moenibus
1071 2287 1105 2315 et
1123 2282 1330 2327 aggeribus:
1356 2283 1400 2315 ad
1417 2287 1575 2316 austrum
1594 2293 1657 2315 arx
