1861 2682
648 304 818 338 GENTIS
843 303 1112 342 SCOTORUM,
1137 303 1223 335 LIB.
1249 303 1292 335 ΙΙ.
1609 303 1649 332 85

731 453 764 486 S.
792 451 1074 487 BOTHANUS.
1127 454 1207 485 145.

292 569 324 600 S.
354 567 577 600 BOTHANUS
604 567 695 600 claro
718 565 912 599 sanctitatis
936 565 1075 598 nomine
1098 564 1190 608 apud
1214 563 1333 597 Scotos
1357 567 1493 597 nostros
1517 562 1645 602 floruit,

289 624 388 667 cujus
418 623 548 656 honore
578 623 700 655 celebri
732 621 933 655 monialium
959 620 1208 654 monasterium
1235 619 1443 663 Euphemia,
1470 618 1647 652 Marchiae

289 689 412 717 comes,
431 678 468 710 in
485 677 707 711 Lamirmure
724 678 845 717 erexit,
864 681 904 710 ut
923 677 959 710 in
977 676 1230 710 Coenobiorum
1248 675 1462 709 Scoticorum
1481 674 1648 720 Catalogo

289 734 483 767 discussum
501 738 563 766 est.

337 788 415 828 Quo
429 794 582 833 tempore
596 789 734 830 vixerit,
748 799 817 822 non
829 789 928 833 potui
940 788 1202 832 deprehendere.
1224 787 1360 822 Colitur
1371 795 1489 821 XVIII.
1501 786 1524 820 J
1526 797 1646 821 anuar-

673 901 714 934 F.
740 900 966 934 JOANNES
992 899 1139 933 BLAK.
1192 898 1272 933 146.

290 1013 356 1046 Fn.
375 1013 397 1046 J
401 1022 434 1046 o.
454 1012 582 1052 BLAK‚
603 1012 823 1046 Dominicani
846 1012 1000 1046 instituti
1024 1012 1147 1051 socius,
1172 1016 1212 1045 ut
1234 1011 1405 1051 existimo,
1428 1011 1648 1047 Aberdoniae

289 1069 497 1102 monachum
528 1069 654 1109 induit,
684 1070 880 1112 praeclarus
911 1068 1043 1101 Christi
1073 1068 1183 1107 miles,
1215 1078 1254 1101 ac
1283 1067 1435 1101 invictus
1469 1068 1647 1113 religionis

289 1124 486 1157 Catholicae
503 1125 747 1167 pancratiasta,
767 1125 934 1167 irrepenti
951 1125 988 1157 in
1006 1123 1156 1157 Scotiam
1175 1124 1308 1156 haeresi
1331 1123 1479 1157 viriliter
1502 1124 1648 1163 obstitit,

289 1180 508 1212 concionibus
537 1179 782 1212 facundissime
812 1180 956 1213 eruditis
986 1180 1154 1223 populum
1183 1180 1244 1212 diu
1273 1180 1310 1212 in
1337 1179 1403 1212 fide
1430 1180 1586 1219 retinuit,
1613 1192 1652 1214 ac

288 1234 428 1267 tandem
445 1234 683 1279 satagentibus
701 1235 874 1268 Sathanae
892 1236 1071 1274 ministris,
1092 1246 1196 1278 quam
1214 1235 1335 1268 vivens
1353 1235 1492 1278 pietatis
1506 1236 1650 1280 integri-

289 1295 395 1322 tatem
413 1289 587 1333 professus
608 1294 692 1329 erat,
718 1290 868 1322 moriens
892 1290 1102 1334 Edimburgi
1126 1291 1295 1335 sanguine
1319 1291 1397 1324 fuso
1421 1291 1649 1325 confirmavit.

292 1350 312 1364 ‘⁶
330 1345 554 1378 Orthodoxae
579 1345 737 1378 veritatis
755 1350 994 1389 propugnator
1015 1346 1288 1385 strenuissimus,
1311 1347 1436 1381 intima
1458 1347 1652 1381 eruditione

289 1401 496 1444 praeditus,”
514 1401 630 1444 inquit
647 1400 823 1434 Leslaeus.
875 1401 1020 1444 Scripsit

436 1456 561 1490 Libros
578 1457 620 1490 de
638 1457 720 1490 reali
740 1456 942 1490 Praesentia
955 1456 1118 1500 Corporis
1132 1457 1264 1491 Christi

482 1513 518 1545 in
536 1512 756 1546 Sacramento
774 1512 908 1546 Altaris
1258 1515 1317 1548 lib.
1337 1523 1362 1548 1.

435 1568 527 1602 Acta
548 1568 720 1612 Colloquii
742 1569 796 1602 sui
818 1579 897 1602 cum
920 1568 1088 1603 Willoxio
1109 1570 1270 1614 symmis-

483 1628 519 1657 ta
536 1635 598 1657 suo
1257 1626 1316 1660 lib.
1337 1635 1361 1660 Ι.

432 1680 623 1713 Conciones
641 1680 837 1713 doctissime
855 1681 930 1724 pias
1261 1683 1319 1716 lib.
1341 1691 1365 1716 1.

438 1735 667 1769 Monitorium
687 1737 731 1769 ad
748 1735 938 1779 Apostatas
1257 1739 1316 1772 lib.
1337 1747 1361 1771 1.

337 1791 464 1825 Passus
483 1796 534 1824 est
551 1792 759 1835 martyrium
778 1792 833 1825 die
851 1801 920 1825 vn.
939 1792 962 1824 J
964 1794 1099 1826 anuarii
1117 1804 1207 1826 anno
1227 1803 1391 1827 MDLXII.
1411 1794 1464 1829 De
1482 1797 1556 1841 ejus
1574 1807 1651 1830 con-

291 1852 404 1881 stante
422 1847 634 1891 professione
652 1847 675 1880 J
677 1859 707 1881 ο.
727 1847 891 1882 Leslaeus
908 1849 966 1882 lib.
987 1858 1025 1882 x.
1043 1860 1122 1894 pag.
1142 1858 1330 1883 DLXXVII.

674 1959 697 1992 J
700 1960 742 1993 Ο.
770 1959 1138 1994 BARVICKANUS.
1192 1963 1272 1998 147.

291 2069 351 2102 JO.
378 2069 670 2105 BARvaANUs
702 2072 964 2112 FranciscanuS,
992 2073 1035 2106 ab
1060 2074 1187 2117 oppido
1213 2073 1348 2108 Scotiae
1370 2075 1465 2109 haud
1489 2076 1650 2110 incelebri

291 2127 333 2158 ad
346 2125 487 2159 Tuedae
499 2127 597 2166 ostia,
612 2128 760 2161 termino
771 2129 880 2173 regni,
892 2139 1017 2161 nomen
1029 2130 1184 2169 sortitus,
1197 2131 1264 2164 alio
1276 2131 1381 2164 etiam
1391 2132 1531 2165 nomine
1542 2132 1652 2166 Breu-

291 2182 417 2214 lanlius
435 2182 543 2220 audit,
562 2182 616 2214 vir
634 2193 673 2215 ea
690 2187 801 2216 aetate
819 2184 950 2222 doctus,
969 2188 1003 2217 et
1024 2186 1142 2229 magni
1166 2187 1328 2220 nominis.
1380 2187 1650 2222 Certatim.eum

293 2237 446 2275 laudant,
466 2241 501 2270 et
519 2237 711 2270 doctrinam
729 2238 803 2282 ejus
821 2243 1032 2272 venerantur
1049 2239 1204 2274 Thomas
1228 2241 1460 2276 Ecklestonus
1484 2244 1519 2276 in
1543 2243 1652 2276 Chro-

293 2291 379 2330 nico,
406 2297 440 2325 et
466 2292 570 2325 Picus
596 2292 864 2327 Mirandulanus
894 2294 953 2327 lib.
980 2303 1052 2328 XII.
1084 2296 1249 2331 adversus
1278 2296 1495 2344 AstrologOS.
1560 2297 1649 2343 Ejus

293 2347 539 2390 perhibentur:
