<?xml version="1.0" encoding="UTF-8"?>
<!DOCTYPE html PUBLIC "-//W3C//DTD XHTML 1.0 Transitional//EN"
    "http://www.w3.org/TR/xhtml1/DTD/xhtml1-transitional.dtd">
<html xmlns="http://www.w3.org/1999/xhtml" xml:lang="en" lang="en">
 <head>
  <title>
</title>
<meta http-equiv="Content-Type" content="text/html;charset=utf-8" />
  <meta name='ocr-system' content='tesseract 3.04.00' />
  <meta name='ocr-capabilities' content='ocr_page ocr_carea ocr_par ocr_line ocrx_word'/>
</head>
<body>
  <div class='ocr_page' id='page_1' title='image "./thomaedempsterih00bann_0080.png"; bbox 0 0 1861 2682; ppageno 0'>
   <div class='ocr_carea' id='block_1_1' title="bbox 230 269 1208 302">
    <p class='ocr_par' dir='ltr' id='par_1_1' title="bbox 230 269 1208 302">
     <span class='ocr_line' id='line_1_1' title="bbox 230 269 1208 302; baseline 0.004 -4"><span class='ocrx_word' id='word_1_1' title='bbox 230 271 269 299; x_wconf 86' lang='lat'><strong>10</strong></span> <span class='ocrx_word' id='word_1_2' title='bbox 599 269 823 301; x_wconf 86' lang='lat' dir='ltr'>HISTORIA</span> <span class='ocrx_word' id='word_1_3' title='bbox 847 269 1208 302; x_wconf 86' lang='lat' dir='ltr'><strong>ECCLESIASTICA</strong></span> 
     </span>
    </p>
   </div>
   <div class='ocr_carea' id='block_1_2' title="bbox 232 360 1582 783">
    <p class='ocr_par' dir='ltr' id='par_1_2' title="bbox 232 360 1582 783">
     <span class='ocr_line' id='line_1_2' title="bbox 234 360 1577 406; baseline 0.001 -12"><span class='ocrx_word' id='word_1_4' title='bbox 234 362 449 404; x_wconf 90' lang='lat' dir='ltr'><strong>multumque</strong></span> <span class='ocrx_word' id='word_1_5' title='bbox 467 360 619 394; x_wconf 86' lang='lat' dir='ltr'><strong>fructum</strong></span> <span class='ocrx_word' id='word_1_6' title='bbox 635 360 711 394; x_wconf 90' lang='lat' dir='ltr'><strong>Deo</strong></span> <span class='ocrx_word' id='word_1_7' title='bbox 727 360 908 399; x_wconf 89' lang='lat' dir='ltr'><strong>faciebant,</strong></span> <span class='ocrx_word' id='word_1_8' title='bbox 926 361 1054 394; x_wconf 83' lang='lat' dir='ltr'><strong>scilieet</strong></span> <span class='ocrx_word' id='word_1_9' title='bbox 1068 360 1166 400; x_wconf 85' lang='lat' dir='ltr'><strong>Etto,</strong></span> <span class='ocrx_word' id='word_1_10' title='bbox 1180 361 1382 400; x_wconf 85' lang='lat' dir='ltr'><strong>Bertuinus‚</strong></span> <span class='ocrx_word' id='word_1_11' title='bbox 1396 360 1577 406; x_wconf 83' lang='lat' dir='ltr'><strong>Eloquius,</strong></span> 
     </span>
     <span class='ocr_line' id='line_1_3' title="bbox 232 416 1578 461; baseline 0 -11"><span class='ocrx_word' id='word_1_12' title='bbox 232 417 433 461; x_wconf 83' lang='lat' dir='ltr'><strong>Adalgisus,</strong></span> <span class='ocrx_word' id='word_1_13' title='bbox 450 416 662 455; x_wconf 87' lang='lat' dir='ltr'><strong>Mombulus,</strong></span> <span class='ocrx_word' id='word_1_14' title='bbox 679 416 930 459; x_wconf 86' lang='lat' dir='ltr'><strong>Wasnulphus,</strong></span> <span class='ocrx_word' id='word_1_15' title='bbox 948 421 982 449; x_wconf 93' lang='lat' dir='ltr'><strong>et</strong></span> <span class='ocrx_word' id='word_1_16' title='bbox 995 416 1181 450; x_wconf 88' lang='lat' dir='ltr'><strong>Autbodus</strong></span> <span class='ocrx_word' id='word_1_17' title='bbox 1194 416 1226 456; x_wconf 87' lang='lat'><strong>;&#39;’</strong></span> <span class='ocrx_word' id='word_1_18' title='bbox 1243 417 1294 450; x_wconf 87' lang='lat' dir='ltr'><strong>ita</strong></span> <span class='ocrx_word' id='word_1_19' title='bbox 1310 417 1402 449; x_wconf 88' lang='lat' dir='ltr'><strong>enim</strong></span> <span class='ocrx_word' id='word_1_20' title='bbox 1420 419 1578 460; x_wconf 73' lang='lat' dir='ltr'><strong>supplen-</strong></span> 
     </span>
     <span class='ocr_line' id='line_1_4' title="bbox 234 471 1579 518; baseline 0.001 -14"><span class='ocrx_word' id='word_1_21' title='bbox 234 472 297 505; x_wconf 85' lang='lat' dir='ltr'><strong>dus</strong></span> <span class='ocrx_word' id='word_1_22' title='bbox 315 473 462 515; x_wconf 85' lang='lat' dir='ltr'><strong>scriptor</strong></span> <span class='ocrx_word' id='word_1_23' title='bbox 474 472 531 504; x_wconf 87' lang='lat' dir='ltr'><strong>ille</strong></span> <span class='ocrx_word' id='word_1_24' title='bbox 544 483 586 505; x_wconf 86' lang='lat' dir='ltr'><strong>ex</strong></span> <span class='ocrx_word' id='word_1_25' title='bbox 599 472 686 505; x_wconf 89' lang='lat' dir='ltr'><strong>serie</strong></span> <span class='ocrx_word' id='word_1_26' title='bbox 700 477 905 515; x_wconf 88' lang='lat' dir='ltr'><strong>temporum,</strong></span> <span class='ocrx_word' id='word_1_27' title='bbox 921 472 1081 505; x_wconf 85' lang='lat' dir='ltr'><strong>observat</strong></span> <span class='ocrx_word' id='word_1_28' title='bbox 1094 471 1116 503; x_wconf 90' lang='lat' dir='ltr'>J</span> <span class='ocrx_word' id='word_1_29' title='bbox 1119 482 1196 504; x_wconf 87' lang='lat' dir='ltr'><strong>oan.</strong></span> <span class='ocrx_word' id='word_1_30' title='bbox 1212 471 1385 511; x_wconf 88' lang='lat' dir='ltr'><strong>Molanus,</strong></span> <span class='ocrx_word' id='word_1_31' title='bbox 1399 472 1579 518; x_wconf 80' lang='lat' dir='ltr'><strong>theologus</strong></span> 
     </span>
     <span class='ocr_line' id='line_1_5' title="bbox 233 516 1579 572; baseline 0.001 -12"><span class='ocrx_word' id='word_1_32' title='bbox 233 528 518 570; x_wconf 67' lang='lat' dir='ltr'><strong>antiquar-iusque</strong></span> <span class='ocrx_word' id='word_1_33' title='bbox 546 516 774 566; x_wconf 62' lang='lat' dir='ltr'><strong>doctissimus,</strong></span> <span class='ocrx_word' id='word_1_34' title='bbox 805 527 841 560; x_wconf 86' lang='lat' dir='ltr'><strong>in</strong></span> <span class='ocrx_word' id='word_1_35' title='bbox 871 527 1055 560; x_wconf 86' lang='lat' dir='ltr'><strong>Natalibus</strong></span> <span class='ocrx_word' id='word_1_36' title='bbox 1082 527 1141 560; x_wconf 88' lang='lat' dir='ltr'><strong>SS.</strong></span> <span class='ocrx_word' id='word_1_37' title='bbox 1173 527 1298 572; x_wconf 69' lang='lat' dir='ltr'><strong>Belgh&#39;,</strong></span> <span class='ocrx_word' id='word_1_38' title='bbox 1334 532 1369 560; x_wconf 85' lang='lat' dir='ltr'><strong>et</strong></span> <span class='ocrx_word' id='word_1_39' title='bbox 1401 527 1579 562; x_wconf 84' lang='lat' dir='ltr'><strong>Aubertus</strong></span> 
     </span>
     <span class='ocr_line' id='line_1_6' title="bbox 234 582 1580 629; baseline 0 -13"><span class='ocrx_word' id='word_1_40' title='bbox 234 583 388 617; x_wconf 87' lang='lat' dir='ltr'><strong>Miraeus</strong></span> <span class='ocrx_word' id='word_1_41' title='bbox 405 584 442 617; x_wconf 88' lang='lat' dir='ltr'><strong>in</strong></span> <span class='ocrx_word' id='word_1_42' title='bbox 464 583 626 617; x_wconf 89' lang='lat' dir='ltr'><strong>Chronici</strong></span> <span class='ocrx_word' id='word_1_43' title='bbox 649 583 819 629; x_wconf 85' lang='lat' dir='ltr'><strong>Sigeberti</strong></span> <span class='ocrx_word' id='word_1_44' title='bbox 841 584 965 616; x_wconf 87' lang='lat' dir='ltr'><strong>ultima</strong></span> <span class='ocrx_word' id='word_1_45' title='bbox 992 583 1152 616; x_wconf 87' lang='lat' dir='ltr'><strong>editione.</strong></span> <span class='ocrx_word' id='word_1_46' title='bbox 1202 582 1261 615; x_wconf 90' lang='lat' dir='ltr'><strong>An</strong></span> <span class='ocrx_word' id='word_1_47' title='bbox 1285 583 1415 626; x_wconf 77' lang='lat' dir='ltr'><strong>aliquid</strong></span> <span class='ocrx_word' id='word_1_48' title='bbox 1438 583 1580 627; x_wconf 78' lang='lat' dir='ltr'><strong>scripse—</strong></span> 
     </span>
     <span class='ocr_line' id='line_1_7' title="bbox 232 638 1582 683; baseline -0.001 -11"><span class='ocrx_word' id='word_1_49' title='bbox 232 639 289 677; x_wconf 87' lang='lat' dir='ltr'>rit,</span> <span class='ocrx_word' id='word_1_50' title='bbox 312 650 381 672; x_wconf 91' lang='lat' dir='ltr'><strong>non</strong></span> <span class='ocrx_word' id='word_1_51' title='bbox 399 639 617 682; x_wconf 85' lang='lat' dir='ltr'><strong>deprehendi,</strong></span> <span class='ocrx_word' id='word_1_52' title='bbox 645 644 706 672; x_wconf 83' lang='lat' dir='ltr'><strong>aut</strong></span> <span class='ocrx_word' id='word_1_53' title='bbox 729 640 758 672; x_wconf 90' lang='lat' dir='ltr'><strong>si</strong></span> <span class='ocrx_word' id='word_1_54' title='bbox 782 639 930 683; x_wconf 84' lang='lat' dir='ltr'><strong>scripsit,</strong></span> <span class='ocrx_word' id='word_1_55' title='bbox 953 643 1044 671; x_wconf 87' lang='lat' dir='ltr'><strong>certe</strong></span> <span class='ocrx_word' id='word_1_56' title='bbox 1067 638 1198 683; x_wconf 88' lang='lat' dir='ltr'><strong>injuria</strong></span> <span class='ocrx_word' id='word_1_57' title='bbox 1216 639 1381 682; x_wconf 89' lang='lat' dir='ltr'><strong>temporis</strong></span> <span class='ocrx_word' id='word_1_58' title='bbox 1404 639 1582 682; x_wconf 82' lang='lat' dir='ltr'><strong>perierunt</strong></span> 
     </span>
     <span class='ocr_line' id='line_1_8' title="bbox 233 694 358 727; baseline 0 0"><span class='ocrx_word' id='word_1_59' title='bbox 233 694 358 727; x_wconf 86' lang='lat' dir='ltr'><strong>omnia.</strong></span> 
     </span>
     <span class='ocr_line' id='line_1_9' title="bbox 279 749 608 783; baseline 0 -1"><span class='ocrx_word' id='word_1_60' title='bbox 279 749 379 783; x_wconf 82' lang='lat' dir='ltr'>Vixit</span> <span class='ocrx_word' id='word_1_61' title='bbox 395 760 486 783; x_wconf 87' lang='lat' dir='ltr'><strong>anno</strong></span> <span class='ocrx_word' id='word_1_62' title='bbox 505 758 608 783; x_wconf 76' lang='lat' dir='ltr'><strong>nem.</strong></span> 
     </span>
    </p>
   </div>
   <div class='ocr_carea' id='block_1_3' title="bbox 695 860 1120 897">
    <p class='ocr_par' dir='ltr' id='par_1_3' title="bbox 695 860 1120 897">
     <span class='ocr_line' id='line_1_10' title="bbox 695 860 1120 897; baseline 0 -3"><span class='ocrx_word' id='word_1_63' title='bbox 695 861 731 894; x_wconf 85' lang='lat' dir='ltr'><strong>S.</strong></span> <span class='ocrx_word' id='word_1_64' title='bbox 758 860 1035 895; x_wconf 86' lang='lat' dir='ltr'><strong>AUTBODUS.</strong></span> <span class='ocrx_word' id='word_1_65' title='bbox 1087 864 1120 897; x_wconf 87' lang='lat'><strong>9.</strong></span> 
     </span>
    </p>
   </div>
   <div class='ocr_carea' id='block_1_4' title="bbox 227 972 1579 1349">
    <p class='ocr_par' dir='ltr' id='par_1_4' title="bbox 230 972 1579 1238">
     <span class='ocr_line' id='line_1_11' title="bbox 230 972 1579 1017; baseline -0.001 -11"><span class='ocrx_word' id='word_1_66' title='bbox 230 973 264 1006; x_wconf 88' lang='lat' dir='ltr'><strong>S.</strong></span> <span class='ocrx_word' id='word_1_67' title='bbox 290 972 519 1011; x_wconf 80' lang='lat' dir='ltr'><strong>AUTBODUS,</strong></span> <span class='ocrx_word' id='word_1_68' title='bbox 549 972 584 1006; x_wconf 88' lang='lat' dir='ltr'><strong>S.</strong></span> <span class='ocrx_word' id='word_1_69' title='bbox 610 972 769 1017; x_wconf 84' lang='lat' dir='ltr'><strong>Adalgisi</strong></span> <span class='ocrx_word' id='word_1_70' title='bbox 801 973 885 1005; x_wconf 90' lang='lat' dir='ltr'><strong>civis</strong></span> <span class='ocrx_word' id='word_1_71' title='bbox 915 977 949 1005; x_wconf 90' lang='lat' dir='ltr'><strong>et</strong></span> <span class='ocrx_word' id='word_1_72' title='bbox 980 973 1109 1017; x_wconf 84' lang='lat' dir='ltr'><strong>collega</strong></span> <span class='ocrx_word' id='word_1_73' title='bbox 1138 984 1159 1006; x_wconf 88' lang='lat' dir='ltr'><strong>a</strong></span> <span class='ocrx_word' id='word_1_74' title='bbox 1188 972 1434 1016; x_wconf 89' lang='lat' dir='ltr'><strong>Martyrologii</strong></span> <span class='ocrx_word' id='word_1_75' title='bbox 1464 973 1579 1005; x_wconf 83' lang='lat' dir='ltr'><strong>collec-</strong></span> 
     </span>
     <span class='ocr_line' id='line_1_12' title="bbox 230 1027 1577 1071; baseline 0 -11"><span class='ocrx_word' id='word_1_76' title='bbox 230 1035 313 1067; x_wconf 84' lang='lat' dir='ltr'><strong>tore,</strong></span> <span class='ocrx_word' id='word_1_77' title='bbox 341 1028 448 1060; x_wconf 86' lang='lat' dir='ltr'><strong>vitam</strong></span> <span class='ocrx_word' id='word_1_78' title='bbox 474 1028 563 1061; x_wconf 87' lang='lat' dir='ltr'><strong>hanc</strong></span> <span class='ocrx_word' id='word_1_79' title='bbox 588 1029 831 1071; x_wconf 86' lang='lat' dir='ltr'><strong>temporariam</strong></span> <span class='ocrx_word' id='word_1_80' title='bbox 857 1029 957 1061; x_wconf 85' lang='lat' dir='ltr'><strong>debet</strong></span> <span class='ocrx_word' id='word_1_81' title='bbox 982 1029 1180 1061; x_wconf 85' lang='lat' dir='ltr'><strong>clarissimis</strong></span> <span class='ocrx_word' id='word_1_82' title='bbox 1205 1027 1364 1060; x_wconf 85' lang='lat' dir='ltr'><strong>Auberto</strong></span> <span class='ocrx_word' id='word_1_83' title='bbox 1390 1027 1523 1060; x_wconf 87' lang='lat' dir='ltr'><strong>Miraeo</strong></span> <span class='ocrx_word' id='word_1_84' title='bbox 1545 1033 1577 1060; x_wconf 88' lang='lat' dir='ltr'><strong>et</strong></span> 
     </span>
     <span class='ocr_line' id='line_1_13' title="bbox 230 1082 1579 1126; baseline -0.001 -10"><span class='ocrx_word' id='word_1_85' title='bbox 230 1083 355 1116; x_wconf 86' lang='lat' dir='ltr'><strong>Joanni</strong></span> <span class='ocrx_word' id='word_1_86' title='bbox 375 1083 516 1116; x_wconf 87' lang='lat' dir='ltr'><strong>Molano</strong></span> <span class='ocrx_word' id='word_1_87' title='bbox 533 1083 713 1116; x_wconf 89' lang='lat' dir='ltr'><strong>Addition.</strong></span> <span class='ocrx_word' id='word_1_88' title='bbox 733 1084 776 1116; x_wconf 85' lang='lat' dir='ltr'><strong>ad</strong></span> <span class='ocrx_word' id='word_1_89' title='bbox 790 1083 940 1116; x_wconf 86' lang='lat' dir='ltr'><strong>Usuard.</strong></span> <span class='ocrx_word' id='word_1_90' title='bbox 957 1091 1043 1115; x_wconf 78' lang='lat' dir='ltr'><strong>XXI.</strong></span> <span class='ocrx_word' id='word_1_91' title='bbox 1060 1082 1230 1115; x_wconf 88' lang='lat' dir='ltr'><strong>Novemb.</strong></span> <span class='ocrx_word' id='word_1_92' title='bbox 1269 1082 1445 1126; x_wconf 88' lang='lat' dir='ltr'><strong>Lugduno</strong></span> <span class='ocrx_word' id='word_1_93' title='bbox 1459 1082 1579 1115; x_wconf 84' lang='lat' dir='ltr'><strong>Clava-</strong></span> 
     </span>
     <span class='ocr_line' id='line_1_14' title="bbox 230 1137 1578 1181; baseline -0.002 -9"><span class='ocrx_word' id='word_1_94' title='bbox 230 1145 266 1172; x_wconf 89' lang='lat' dir='ltr'><strong>to</strong></span> <span class='ocrx_word' id='word_1_95' title='bbox 283 1139 451 1181; x_wconf 74' lang='lat' dir='ltr'><strong>depositio</strong></span> <span class='ocrx_word' id='word_1_96' title='bbox 472 1139 506 1171; x_wconf 89' lang='lat' dir='ltr'><strong>S.</strong></span> <span class='ocrx_word' id='word_1_97' title='bbox 524 1139 691 1172; x_wconf 90' lang='lat' dir='ltr'><strong>Autbodi.</strong></span> <span class='ocrx_word' id='word_1_98' title='bbox 743 1138 901 1181; x_wconf 80' lang='lat' dir='ltr'><strong>Apparet</strong></span> <span class='ocrx_word' id='word_1_99' title='bbox 926 1138 1123 1181; x_wconf 86' lang='lat' dir='ltr'><strong>episcopum</strong></span> <span class='ocrx_word' id='word_1_100' title='bbox 1148 1137 1266 1171; x_wconf 85' lang='lat' dir='ltr'><strong>fuisse.</strong></span> <span class='ocrx_word' id='word_1_101' title='bbox 1318 1137 1425 1171; x_wconf 81' lang='lat' dir='ltr'><strong>Nulla</strong></span> <span class='ocrx_word' id='word_1_102' title='bbox 1450 1138 1492 1170; x_wconf 86' lang='lat' dir='ltr'><strong>ad</strong></span> <span class='ocrx_word' id='word_1_103' title='bbox 1518 1149 1578 1171; x_wconf 86' lang='lat' dir='ltr'><strong>nos</strong></span> 
     </span>
     <span class='ocr_line' id='line_1_15' title="bbox 230 1195 671 1238; baseline -0.002 -10"><span class='ocrx_word' id='word_1_104' title='bbox 230 1205 332 1238; x_wconf 81' lang='lat' dir='ltr'><strong>opera</strong></span> <span class='ocrx_word' id='word_1_105' title='bbox 349 1195 458 1237; x_wconf 89' lang='lat' dir='ltr'><strong>ipsius</strong></span> <span class='ocrx_word' id='word_1_106' title='bbox 476 1205 671 1238; x_wconf 86' lang='lat' dir='ltr'><strong>pervenere.</strong></span> 
     </span>
    </p>

    <p class='ocr_par' dir='ltr' id='par_1_5' title="bbox 227 1249 1578 1349">
     <span class='ocr_line' id='line_1_16' title="bbox 275 1249 1578 1293; baseline -0.002 -10"><span class='ocrx_word' id='word_1_107' title='bbox 275 1250 411 1283; x_wconf 83' lang='lat' dir='ltr'><strong>Floruit</strong></span> <span class='ocrx_word' id='word_1_108' title='bbox 428 1261 519 1283; x_wconf 85' lang='lat' dir='ltr'><strong>anno</strong></span> <span class='ocrx_word' id='word_1_109' title='bbox 537 1259 642 1283; x_wconf 85' lang='lat' dir='ltr'><strong>DCLI.</strong></span> <span class='ocrx_word' id='word_1_110' title='bbox 692 1249 906 1293; x_wconf 78' lang='lat' dir='ltr'>Lugdunum</span> <span class='ocrx_word' id='word_1_111' title='bbox 930 1249 988 1282; x_wconf 84' lang='lat' dir='ltr'><strong>alii</strong></span> <span class='ocrx_word' id='word_1_112' title='bbox 1013 1260 1091 1282; x_wconf 90' lang='lat' dir='ltr'><strong>eum</strong></span> <span class='ocrx_word' id='word_1_113' title='bbox 1115 1249 1244 1282; x_wconf 79' lang='lat' dir='ltr'><strong>rexisse</strong></span> <span class='ocrx_word' id='word_1_114' title='bbox 1267 1250 1411 1287; x_wconf 81' lang='lat' dir='ltr'><strong>volunt3</strong></span> <span class='ocrx_word' id='word_1_115' title='bbox 1438 1249 1497 1282; x_wconf 84' lang='lat' dir='ltr'><strong>sed</strong></span> <span class='ocrx_word' id='word_1_116' title='bbox 1515 1260 1578 1293; x_wconf 82' lang='lat' dir='ltr'><strong>ego</strong></span> 
     </span>
     <span class='ocr_line' id='line_1_17' title="bbox 227 1304 1578 1349; baseline -0.001 -11"><span class='ocrx_word' id='word_1_117' title='bbox 227 1305 436 1339; x_wconf 82' lang='lat' dir='ltr'><strong>Laudunum</strong></span> <span class='ocrx_word' id='word_1_118' title='bbox 454 1307 582 1345; x_wconf 88' lang='lat' dir='ltr'><strong>malim,</strong></span> <span class='ocrx_word' id='word_1_119' title='bbox 602 1305 670 1338; x_wconf 82' lang='lat' dir='ltr'><strong>fuit</strong></span> <span class='ocrx_word' id='word_1_120' title='bbox 686 1306 777 1338; x_wconf 86' lang='lat' dir='ltr'><strong>enim</strong></span> <span class='ocrx_word' id='word_1_121' title='bbox 796 1305 1007 1337; x_wconf 90' lang='lat' dir='ltr'><strong>Laudunum</strong></span> <span class='ocrx_word' id='word_1_122' title='bbox 1024 1304 1207 1337; x_wconf 88' lang='lat' dir='ltr'><strong>Clavatum</strong></span> <span class='ocrx_word' id='word_1_123' title='bbox 1226 1305 1331 1349; x_wconf 88' lang='lat' dir='ltr'><strong>vulgo</strong></span> <span class='ocrx_word' id='word_1_124' title='bbox 1347 1304 1455 1344; x_wconf 86' lang='lat' dir='ltr'><strong>Laon,</strong></span> <span class='ocrx_word' id='word_1_125' title='bbox 1472 1310 1506 1337; x_wconf 88' lang='lat' dir='ltr'><strong>et</strong></span> <span class='ocrx_word' id='word_1_126' title='bbox 1518 1315 1578 1337; x_wconf 82' lang='lat' dir='ltr'><strong>an-</strong></span> 
     </span>
    </p>
   </div>
   <div class='ocr_carea' id='block_1_5' title="bbox 228 1360 1149 1505">
    <p class='ocr_par' dir='ltr' id='par_1_6' title="bbox 228 1360 1149 1505">
     <span class='ocr_line' id='line_1_18' title="bbox 228 1360 827 1405; baseline -0.002 -12"><span class='ocrx_word' id='word_1_127' title='bbox 228 1362 324 1394; x_wconf 86' lang='lat' dir='ltr'><strong>tistes</strong></span> <span class='ocrx_word' id='word_1_128' title='bbox 341 1362 416 1405; x_wconf 90' lang='lat' dir='ltr'><strong>ejus</strong></span> <span class='ocrx_word' id='word_1_129' title='bbox 433 1362 503 1394; x_wconf 87' lang='lat' dir='ltr'><strong>dux</strong></span> <span class='ocrx_word' id='word_1_130' title='bbox 521 1366 554 1394; x_wconf 88' lang='lat' dir='ltr'><strong>et</strong></span> <span class='ocrx_word' id='word_1_131' title='bbox 572 1371 634 1403; x_wconf 88' lang='lat' dir='ltr'><strong>par</strong></span> <span class='ocrx_word' id='word_1_132' title='bbox 651 1360 827 1393; x_wconf 83' lang='lat' dir='ltr'><strong>Franciae.</strong></span> 
     </span>
     <span class='ocr_line' id='line_1_19' title="bbox 654 1470 1149 1505; baseline -0.002 0"><span class='ocrx_word' id='word_1_133' title='bbox 654 1473 688 1505; x_wconf 90' lang='lat' dir='ltr'><strong>S.</strong></span> <span class='ocrx_word' id='word_1_134' title='bbox 714 1470 1041 1505; x_wconf 88' lang='lat' dir='ltr'><strong>AEMILIANUS.</strong></span> <span class='ocrx_word' id='word_1_135' title='bbox 1094 1474 1149 1504; x_wconf 91' lang='grc'><strong>10.</strong></span> 
     </span>
    </p>
   </div>
   <div class='ocr_carea' id='block_1_6' title="bbox 223 1582 1577 2348">
    <p class='ocr_par' dir='ltr' id='par_1_7' title="bbox 224 1582 1576 2015">
     <span class='ocr_line' id='line_1_20' title="bbox 228 1582 1574 1625; baseline -0.001 -8"><span class='ocrx_word' id='word_1_136' title='bbox 228 1585 262 1617; x_wconf 86' lang='lat' dir='ltr'><strong>S.</strong></span> <span class='ocrx_word' id='word_1_137' title='bbox 297 1583 563 1618; x_wconf 76' lang='lat' dir='ltr'>AEMILIANUS</span> <span class='ocrx_word' id='word_1_138' title='bbox 593 1584 715 1617; x_wconf 89' lang='lat' dir='ltr'><strong>Scotus</strong></span> <span class='ocrx_word' id='word_1_139' title='bbox 749 1587 960 1616; x_wconf 84' lang='lat' dir='ltr'><strong>memoratur</strong></span> <span class='ocrx_word' id='word_1_140' title='bbox 994 1582 1177 1616; x_wconf 85' lang='lat' dir='ltr'><strong>Francisco</strong></span> <span class='ocrx_word' id='word_1_141' title='bbox 1213 1582 1416 1625; x_wconf 86' lang='lat' dir='ltr'><strong>Maurolyco</strong></span> <span class='ocrx_word' id='word_1_142' title='bbox 1449 1583 1574 1621; x_wconf 83' lang='lat' dir='ltr'><strong>Siculo,</strong></span> 
     </span>
     <span class='ocr_line' id='line_1_21' title="bbox 227 1637 1576 1682; baseline -0.002 -9"><span class='ocrx_word' id='word_1_143' title='bbox 227 1641 341 1673; x_wconf 85' lang='lat' dir='ltr'><strong>abbati</strong></span> <span class='ocrx_word' id='word_1_144' title='bbox 379 1640 603 1679; x_wconf 85' lang='lat' dir='ltr'><strong>Messanensi‚</strong></span> <span class='ocrx_word' id='word_1_145' title='bbox 641 1639 893 1682; x_wconf 82' lang='lat' dir='ltr'><strong>Martyrologio</strong></span> <span class='ocrx_word' id='word_1_146' title='bbox 929 1650 992 1672; x_wconf 87' lang='lat' dir='ltr'><strong>suo</strong></span> <span class='ocrx_word' id='word_1_147' title='bbox 1029 1639 1071 1670; x_wconf 84' lang='lat' dir='ltr'><strong>ad</strong></span> <span class='ocrx_word' id='word_1_148' title='bbox 1107 1638 1197 1671; x_wconf 89' lang='lat' dir='ltr'><strong>diem</strong></span> <span class='ocrx_word' id='word_1_149' title='bbox 1234 1646 1307 1671; x_wconf 78' lang='lat' dir='ltr'><strong>XII.</strong></span> <span class='ocrx_word' id='word_1_150' title='bbox 1347 1637 1576 1671; x_wconf 83' lang='lat' dir='ltr'><strong>Novembris:</strong></span> 
     </span>
     <span class='ocr_line' id='line_1_22' title="bbox 227 1693 1575 1738; baseline -0.001 -10"><span class='ocrx_word' id='word_1_151' title='bbox 227 1701 247 1715; x_wconf 76' lang='lat'><strong>⁴⁵</strong></span> <span class='ocrx_word' id='word_1_152' title='bbox 266 1696 347 1728; x_wconf 88' lang='lat' dir='ltr'><strong>Fuit</strong></span> <span class='ocrx_word' id='word_1_153' title='bbox 366 1700 401 1729; x_wconf 86' lang='lat' dir='ltr'><strong>et</strong></span> <span class='ocrx_word' id='word_1_154' title='bbox 416 1695 634 1729; x_wconf 86' lang='lat' dir='ltr'><strong>Aemilianus</strong></span> <span class='ocrx_word' id='word_1_155' title='bbox 652 1696 687 1728; x_wconf 91' lang='lat' dir='ltr'><strong>in</strong></span> <span class='ocrx_word' id='word_1_156' title='bbox 706 1695 820 1727; x_wconf 85' lang='lat' dir='ltr'><strong>Scotia</strong></span> <span class='ocrx_word' id='word_1_157' title='bbox 837 1695 948 1726; x_wconf 87' lang='lat' dir='ltr'><strong>clarus</strong></span> <span class='ocrx_word' id='word_1_158' title='bbox 966 1694 1155 1737; x_wconf 86' lang='lat' dir='ltr'><strong>episcopus,</strong></span> <span class='ocrx_word' id='word_1_159' title='bbox 1173 1694 1233 1738; x_wconf 89' lang='lat' dir='ltr'><strong>qui</strong></span> <span class='ocrx_word' id='word_1_160' title='bbox 1254 1693 1441 1726; x_wconf 87' lang='lat' dir='ltr'><strong>Faventiae</strong></span> <span class='ocrx_word' id='word_1_161' title='bbox 1459 1693 1575 1727; x_wconf 80' lang='lat' dir='ltr'><strong>obiit.’²</strong></span> 
     </span>
     <span class='ocr_line' id='line_1_23' title="bbox 227 1748 1576 1794; baseline -0.001 -10"><span class='ocrx_word' id='word_1_162' title='bbox 227 1751 299 1784; x_wconf 86' lang='lat' dir='ltr'><strong>Nec</strong></span> <span class='ocrx_word' id='word_1_163' title='bbox 324 1753 424 1793; x_wconf 86' lang='lat' dir='ltr'><strong>plura</strong></span> <span class='ocrx_word' id='word_1_164' title='bbox 449 1751 491 1783; x_wconf 91' lang='lat' dir='ltr'><strong>de</strong></span> <span class='ocrx_word' id='word_1_165' title='bbox 515 1762 555 1783; x_wconf 89' lang='lat' dir='ltr'><strong>eo</strong></span> <span class='ocrx_word' id='word_1_166' title='bbox 580 1751 660 1784; x_wconf 87' lang='lat' dir='ltr'><strong>alibi</strong></span> <span class='ocrx_word' id='word_1_167' title='bbox 686 1751 798 1794; x_wconf 86' lang='lat' dir='ltr'><strong>legere</strong></span> <span class='ocrx_word' id='word_1_168' title='bbox 827 1749 993 1782; x_wconf 86' lang='lat' dir='ltr'><strong>memini:</strong></span> <span class='ocrx_word' id='word_1_169' title='bbox 1019 1750 1253 1792; x_wconf 88' lang='lat' dir='ltr'><strong>episcopatum</strong></span> <span class='ocrx_word' id='word_1_170' title='bbox 1285 1748 1474 1782; x_wconf 84' lang='lat' dir='ltr'><strong>Faventiae</strong></span> <span class='ocrx_word' id='word_1_171' title='bbox 1502 1760 1576 1794; x_wconf 86' lang='lat' dir='ltr'><strong>ges-</strong></span> 
     </span>
     <span class='ocr_line' id='line_1_24' title="bbox 225 1805 1575 1849; baseline -0.001 -10"><span class='ocrx_word' id='word_1_172' title='bbox 225 1807 307 1839; x_wconf 82' lang='lat' dir='ltr'><strong>serit</strong></span> <span class='ocrx_word' id='word_1_173' title='bbox 332 1817 375 1839; x_wconf 88' lang='lat' dir='ltr'><strong>an</strong></span> <span class='ocrx_word' id='word_1_174' title='bbox 401 1806 505 1845; x_wconf 88' lang='lat' dir='ltr'><strong>domi,</strong></span> <span class='ocrx_word' id='word_1_175' title='bbox 533 1812 593 1839; x_wconf 85' lang='lat' dir='ltr'><strong>aut</strong></span> <span class='ocrx_word' id='word_1_176' title='bbox 617 1817 686 1849; x_wconf 88' lang='lat' dir='ltr'><strong>quo</strong></span> <span class='ocrx_word' id='word_1_177' title='bbox 711 1816 792 1838; x_wconf 85' lang='lat' dir='ltr'><strong>casu</strong></span> <span class='ocrx_word' id='word_1_178' title='bbox 819 1816 858 1837; x_wconf 90' lang='lat' dir='ltr'><strong>eo</strong></span> <span class='ocrx_word' id='word_1_179' title='bbox 887 1806 1075 1843; x_wconf 83' lang='lat' dir='ltr'><strong>accesserit,</strong></span> <span class='ocrx_word' id='word_1_180' title='bbox 1108 1810 1168 1837; x_wconf 82' lang='lat' dir='ltr'><strong>aut</strong></span> <span class='ocrx_word' id='word_1_181' title='bbox 1197 1816 1265 1848; x_wconf 88' lang='lat' dir='ltr'><strong>quo</strong></span> <span class='ocrx_word' id='word_1_182' title='bbox 1295 1805 1408 1837; x_wconf 86' lang='lat' dir='ltr'><strong>seculo</strong></span> <span class='ocrx_word' id='word_1_183' title='bbox 1438 1805 1575 1838; x_wconf 85' lang='lat' dir='ltr'><strong>vixerit.</strong></span> 
     </span>
     <span class='ocr_line' id='line_1_25' title="bbox 225 1860 1575 1906; baseline -0.001 -11"><span class='ocrx_word' id='word_1_184' title='bbox 225 1863 281 1895; x_wconf 86' lang='lat' dir='ltr'><strong>alii</strong></span> <span class='ocrx_word' id='word_1_185' title='bbox 300 1862 509 1900; x_wconf 83' lang='lat' dir='ltr'><strong>discutiaut3</strong></span> <span class='ocrx_word' id='word_1_186' title='bbox 536 1873 616 1894; x_wconf 84' lang='lat' dir='ltr'><strong>nam</strong></span> <span class='ocrx_word' id='word_1_187' title='bbox 638 1873 701 1906; x_wconf 87' lang='lat' dir='ltr'><strong>ego</strong></span> <span class='ocrx_word' id='word_1_188' title='bbox 725 1861 860 1894; x_wconf 86' lang='lat' dir='ltr'><strong>tabulas</strong></span> <span class='ocrx_word' id='word_1_189' title='bbox 883 1861 1050 1893; x_wconf 86' lang='lat' dir='ltr'><strong>adumbro</strong></span> <span class='ocrx_word' id='word_1_190' title='bbox 1073 1865 1221 1898; x_wconf 84' lang='lat' dir='ltr'><strong>tantum,</strong></span> <span class='ocrx_word' id='word_1_191' title='bbox 1245 1865 1278 1893; x_wconf 89' lang='lat' dir='ltr'><strong>et</strong></span> <span class='ocrx_word' id='word_1_192' title='bbox 1302 1860 1404 1892; x_wconf 86' lang='lat' dir='ltr'><strong>rudes</strong></span> <span class='ocrx_word' id='word_1_193' title='bbox 1428 1864 1501 1893; x_wconf 85' lang='lat' dir='ltr'><strong>tero</strong></span> <span class='ocrx_word' id='word_1_194' title='bbox 1524 1871 1575 1893; x_wconf 88' lang='lat' dir='ltr'><strong>co-</strong></span> 
     </span>
     <span class='ocr_line' id='line_1_26' title="bbox 225 1915 1576 1960; baseline -0.001 -10"><span class='ocrx_word' id='word_1_195' title='bbox 225 1919 312 1950; x_wconf 85' lang='lat' dir='ltr'><strong>lores</strong></span> <span class='ocrx_word' id='word_1_196' title='bbox 327 1926 335 1949; x_wconf 88' lang='lat'>:</span> <span class='ocrx_word' id='word_1_197' title='bbox 360 1918 501 1960; x_wconf 88' lang='lat' dir='ltr'><strong>Apelles</strong></span> <span class='ocrx_word' id='word_1_198' title='bbox 518 1918 605 1950; x_wconf 86' lang='lat' dir='ltr'><strong>alius</strong></span> <span class='ocrx_word' id='word_1_199' title='bbox 623 1918 669 1950; x_wconf 89' lang='lat' dir='ltr'><strong>sit</strong></span> <span class='ocrx_word' id='word_1_200' title='bbox 686 1921 832 1960; x_wconf 82' lang='lat' dir='ltr'><strong>oportet,</strong></span> <span class='ocrx_word' id='word_1_201' title='bbox 850 1927 870 1948; x_wconf 88' lang='lat' dir='ltr'><strong>a</strong></span> <span class='ocrx_word' id='word_1_202' title='bbox 887 1926 955 1959; x_wconf 89' lang='lat' dir='ltr'><strong>quo</strong></span> <span class='ocrx_word' id='word_1_203' title='bbox 972 1926 1107 1948; x_wconf 87' lang='lat' dir='ltr'><strong>summa</strong></span> <span class='ocrx_word' id='word_1_204' title='bbox 1124 1915 1205 1947; x_wconf 92' lang='lat' dir='ltr'><strong>huic</strong></span> <span class='ocrx_word' id='word_1_205' title='bbox 1222 1915 1315 1958; x_wconf 84' lang='lat' dir='ltr'><strong>operi</strong></span> <span class='ocrx_word' id='word_1_206' title='bbox 1333 1915 1489 1948; x_wconf 84' lang='lat' dir='ltr'><strong>addenda</strong></span> <span class='ocrx_word' id='word_1_207' title='bbox 1505 1926 1576 1948; x_wconf 83' lang='lat' dir='ltr'><strong>ma—</strong></span> 
     </span>
     <span class='ocr_line' id='line_1_27' title="bbox 224 1978 472 2015; baseline -0.004 -9"><span class='ocrx_word' id='word_1_208' title='bbox 224 1984 288 2006; x_wconf 85' lang='lat' dir='ltr'><strong>nus</strong></span> <span class='ocrx_word' id='word_1_209' title='bbox 305 1978 472 2015; x_wconf 76' lang='lat' dir='ltr'><strong>speretur.</strong></span> 
     </span>
    </p>

    <p class='ocr_par' dir='ltr' id='par_1_8' title="bbox 223 2026 1577 2348">
     <span class='ocr_line' id='line_1_28' title="bbox 270 2026 1574 2071; baseline -0.001 -10"><span class='ocrx_word' id='word_1_210' title='bbox 270 2028 406 2071; x_wconf 81' lang='lat' dir='ltr'><strong>Scripta</strong></span> <span class='ocrx_word' id='word_1_211' title='bbox 422 2029 526 2061; x_wconf 85' lang='lat' dir='ltr'><strong>etiam</strong></span> <span class='ocrx_word' id='word_1_212' title='bbox 544 2028 760 2066; x_wconf 87' lang='lat' dir='ltr'><strong>interierunt,</strong></span> <span class='ocrx_word' id='word_1_213' title='bbox 779 2037 840 2060; x_wconf 88' lang='lat' dir='ltr'><strong>nec</strong></span> <span class='ocrx_word' id='word_1_214' title='bbox 857 2027 967 2059; x_wconf 89' lang='lat' dir='ltr'><strong>ullum</strong></span> <span class='ocrx_word' id='word_1_215' title='bbox 985 2027 1076 2069; x_wconf 86' lang='lat' dir='ltr'><strong>apud</strong></span> <span class='ocrx_word' id='word_1_216' title='bbox 1095 2026 1368 2059; x_wconf 85' lang='lat' dir='ltr'><strong>Faventinorum</strong></span> <span class='ocrx_word' id='word_1_217' title='bbox 1391 2027 1574 2070; x_wconf 83' lang='lat' dir='ltr'><strong>scriptores</strong></span> 
     </span>
     <span class='ocr_line' id='line_1_29' title="bbox 223 2082 1577 2125; baseline -0.001 -9"><span class='ocrx_word' id='word_1_218' title='bbox 223 2085 264 2117; x_wconf 88' lang='lat' dir='ltr'><strong>de</strong></span> <span class='ocrx_word' id='word_1_219' title='bbox 281 2095 321 2116; x_wconf 87' lang='lat' dir='ltr'><strong>eo</strong></span> <span class='ocrx_word' id='word_1_220' title='bbox 339 2084 494 2116; x_wconf 85' lang='lat' dir='ltr'><strong>verbum.</strong></span> <span class='ocrx_word' id='word_1_221' title='bbox 544 2083 576 2116; x_wconf 92' lang='lat' dir='ltr'>O</span> <span class='ocrx_word' id='word_1_222' title='bbox 593 2094 721 2119; x_wconf 83' lang='lat' dir='ltr'><strong>casum,</strong></span> <span class='ocrx_word' id='word_1_223' title='bbox 739 2093 817 2115; x_wconf 87' lang='lat' dir='ltr'><strong>cara</strong></span> <span class='ocrx_word' id='word_1_224' title='bbox 834 2082 958 2125; x_wconf 83' lang='lat' dir='ltr'><strong>patria,</strong></span> <span class='ocrx_word' id='word_1_225' title='bbox 977 2086 1076 2115; x_wconf 86' lang='lat' dir='ltr'><strong>tuum</strong></span> <span class='ocrx_word' id='word_1_226' title='bbox 1093 2082 1099 2114; x_wconf 89' lang='lat'>!</span> <span class='ocrx_word' id='word_1_227' title='bbox 1149 2082 1203 2114; x_wconf 93' lang='lat' dir='ltr'><strong>De</strong></span> <span class='ocrx_word' id='word_1_228' title='bbox 1227 2093 1267 2114; x_wconf 88' lang='lat' dir='ltr'><strong>eo</strong></span> <span class='ocrx_word' id='word_1_229' title='bbox 1290 2083 1436 2115; x_wconf 88' lang='lat' dir='ltr'><strong>certiora</strong></span> <span class='ocrx_word' id='word_1_230' title='bbox 1453 2093 1495 2115; x_wconf 87' lang='lat' dir='ltr'><strong>ex</strong></span> <span class='ocrx_word' id='word_1_231' title='bbox 1514 2082 1577 2114; x_wconf 82' lang='lat' dir='ltr'><strong>Pe-</strong></span> 
     </span>
     <span class='ocr_line' id='line_1_30' title="bbox 224 2137 1573 2182; baseline -0.002 -9"><span class='ocrx_word' id='word_1_232' title='bbox 224 2145 278 2173; x_wconf 84' lang='lat' dir='ltr'><strong>tro</strong></span> <span class='ocrx_word' id='word_1_233' title='bbox 303 2150 322 2172; x_wconf 85' lang='lat' dir='ltr'><strong>a</strong></span> <span class='ocrx_word' id='word_1_234' title='bbox 348 2139 532 2172; x_wconf 84' lang='lat' dir='ltr'><strong>Natalibus</strong></span> <span class='ocrx_word' id='word_1_235' title='bbox 558 2139 593 2171; x_wconf 91' lang='lat' dir='ltr'><strong>in</strong></span> <span class='ocrx_word' id='word_1_236' title='bbox 619 2138 785 2182; x_wconf 86' lang='lat' dir='ltr'><strong>Catalogo</strong></span> <span class='ocrx_word' id='word_1_237' title='bbox 810 2137 870 2170; x_wconf 87' lang='lat' dir='ltr'><strong>SS.</strong></span> <span class='ocrx_word' id='word_1_238' title='bbox 897 2137 955 2170; x_wconf 93' lang='lat' dir='ltr'><strong>lib.</strong></span> <span class='ocrx_word' id='word_1_239' title='bbox 983 2147 1021 2170; x_wconf 82' lang='lat' dir='ltr'><strong>x.</strong></span> <span class='ocrx_word' id='word_1_240' title='bbox 1049 2149 1122 2180; x_wconf 82' lang='lat' dir='ltr'><strong>cap.</strong></span> <span class='ocrx_word' id='word_1_241' title='bbox 1150 2147 1236 2170; x_wconf 88' lang='lat' dir='ltr'><strong>L111.</strong></span> <span class='ocrx_word' id='word_1_242' title='bbox 1263 2138 1367 2170; x_wconf 80' lang='lat' dir='ltr'><strong>habet</strong></span> <span class='ocrx_word' id='word_1_243' title='bbox 1393 2137 1573 2171; x_wconf 83' lang='lat' dir='ltr'><strong>Constant.</strong></span> 
     </span>
     <span class='ocr_line' id='line_1_31' title="bbox 223 2193 1574 2237; baseline -0.001 -10"><span class='ocrx_word' id='word_1_244' title='bbox 223 2194 372 2228; x_wconf 88' lang='lat' dir='ltr'><strong>Ghinius</strong></span> <span class='ocrx_word' id='word_1_245' title='bbox 401 2195 436 2227; x_wconf 90' lang='lat' dir='ltr'><strong>in</strong></span> <span class='ocrx_word' id='word_1_246' title='bbox 465 2193 525 2227; x_wconf 88' lang='lat' dir='ltr'><strong>SS.</strong></span> <span class='ocrx_word' id='word_1_247' title='bbox 556 2193 759 2227; x_wconf 83' lang='lat' dir='ltr'><strong>Canonicor.</strong></span> <span class='ocrx_word' id='word_1_248' title='bbox 786 2193 938 2226; x_wconf 81' lang='lat' dir='ltr'><strong>Natalib.</strong></span> <span class='ocrx_word' id='word_1_249' title='bbox 966 2194 1008 2225; x_wconf 80' lang='lat' dir='ltr'><strong>ad</strong></span> <span class='ocrx_word' id='word_1_250' title='bbox 1035 2194 1125 2226; x_wconf 88' lang='lat' dir='ltr'><strong>diem</strong></span> <span class='ocrx_word' id='word_1_251' title='bbox 1151 2193 1340 2226; x_wconf 84' lang='lat' dir='ltr'><strong>Novembr.</strong></span> <span class='ocrx_word' id='word_1_252' title='bbox 1373 2202 1445 2226; x_wconf 83' lang='lat' dir='ltr'><strong>X11.</strong></span> <span class='ocrx_word' id='word_1_253' title='bbox 1476 2193 1574 2237; x_wconf 83' lang='lat' dir='ltr'><strong>cujus</strong></span> 
     </span>
     <span class='ocr_line' id='line_1_32' title="bbox 224 2249 1574 2293; baseline -0.001 -10"><span class='ocrx_word' id='word_1_254' title='bbox 224 2251 328 2283; x_wconf 85' lang='lat' dir='ltr'><strong>verba</strong></span> <span class='ocrx_word' id='word_1_255' title='bbox 345 2261 513 2293; x_wconf 85' lang='lat' dir='ltr'><strong>apponam</strong></span> <span class='ocrx_word' id='word_1_256' title='bbox 529 2260 538 2283; x_wconf 78' lang='lat' dir='ltr'><strong><em>z</em></strong></span> <span class='ocrx_word' id='word_1_257' title='bbox 565 2255 585 2268; x_wconf 78' lang='lat'><strong>‘⁶</strong></span> <span class='ocrx_word' id='word_1_258' title='bbox 604 2250 791 2282; x_wconf 85' lang='lat' dir='ltr'><strong>Faventiae</strong></span> <span class='ocrx_word' id='word_1_259' title='bbox 808 2249 843 2281; x_wconf 89' lang='lat' dir='ltr'><strong>S.</strong></span> <span class='ocrx_word' id='word_1_260' title='bbox 862 2249 1049 2282; x_wconf 84' lang='lat' dir='ltr'><strong>Aemiliani</strong></span> <span class='ocrx_word' id='word_1_261' title='bbox 1068 2250 1216 2292; x_wconf 86' lang='lat' dir='ltr'><strong>episcopi</strong></span> <span class='ocrx_word' id='word_1_262' title='bbox 1235 2249 1432 2288; x_wconf 86' lang='lat' dir='ltr'><strong>Scotiensis,</strong></span> <span class='ocrx_word' id='word_1_263' title='bbox 1453 2249 1513 2292; x_wconf 90' lang='lat' dir='ltr'><strong>qui</strong></span> <span class='ocrx_word' id='word_1_264' title='bbox 1531 2259 1574 2281; x_wconf 78' lang='lat' dir='ltr'><strong>ex</strong></span> 
     </span>
     <span class='ocr_line' id='line_1_33' title="bbox 223 2305 1574 2348; baseline -0.001 -10"><span class='ocrx_word' id='word_1_265' title='bbox 223 2317 263 2339; x_wconf 79' lang='lat' dir='ltr'><strong>ea</strong></span> <span class='ocrx_word' id='word_1_266' title='bbox 279 2306 393 2340; x_wconf 83' lang='lat' dir='ltr'><strong>insula</strong></span> <span class='ocrx_word' id='word_1_267' title='bbox 408 2306 586 2345; x_wconf 84' lang='lat' dir='ltr'><strong>oriundus,</strong></span> <span class='ocrx_word' id='word_1_268' title='bbox 602 2305 751 2339; x_wconf 87' lang='lat' dir='ltr'><strong>Domino</strong></span> <span class='ocrx_word' id='word_1_269' title='bbox 764 2316 784 2338; x_wconf 89' lang='lat' dir='ltr'><strong>a</strong></span> <span class='ocrx_word' id='word_1_270' title='bbox 797 2305 919 2348; x_wconf 85' lang='lat' dir='ltr'><strong>primis</strong></span> <span class='ocrx_word' id='word_1_271' title='bbox 937 2305 1036 2338; x_wconf 90' lang='lat' dir='ltr'><strong>annis</strong></span> <span class='ocrx_word' id='word_1_272' title='bbox 1054 2306 1230 2345; x_wconf 83' lang='lat' dir='ltr'><strong>militavit,</strong></span> <span class='ocrx_word' id='word_1_273' title='bbox 1249 2310 1285 2339; x_wconf 88' lang='lat' dir='ltr'><strong>et</strong></span> <span class='ocrx_word' id='word_1_274' title='bbox 1300 2305 1383 2338; x_wconf 79' lang='lat' dir='ltr'><strong>dum</strong></span> <span class='ocrx_word' id='word_1_275' title='bbox 1401 2309 1489 2338; x_wconf 86' lang='lat' dir='ltr'><strong>esset</strong></span> <span class='ocrx_word' id='word_1_276' title='bbox 1503 2315 1574 2338; x_wconf 85' lang='lat' dir='ltr'><strong>om-</strong></span> 
     </span>
    </p>
   </div>
  </div>
 </body>
</html>
