1861 2682
262 271 320 301 174
635 270 861 301 HISTORIA
886 270 1251 301 ECCLESIASTICA

592 359 630 386 Et
645 368 754 396 semper
769 359 842 386 natis
857 358 978 395 gaudeat
993 358 1042 385 illa
1057 358 1154 385 tribus.

309 471 458 503 Balaeus
487 472 645 512 apostata
671 467 824 512 Anglam
852 467 935 499 facit
964 466 1183 508 impudenter
1211 470 1246 498 et
1273 467 1419 506 indocte,
1450 472 1490 500 ut
1515 470 1614 507 solet⁷

261 537 338 559 cum
353 536 473 558 revera
487 524 588 557 Scota
602 523 718 557 fuerit.
737 523 863 556 Petrus
878 522 1123 555 Bandozianus
1138 520 1275 555 Cestius
1294 523 1330 555 in
1349 522 1535 566 Synoptica
1550 525 1615 556 Or-

262 583 314 615 bis
333 582 522 615 Terrarum
541 580 704 623 Epitome
726 590 805 623 pag.
825 586 997 611 CXXXIX,
1027 574 1216 610 Caeruleos
1232 577 1433 612 Britannos
1456 580 1492 612 in
1514 591 1615 613 versu

263 638 436 671 Martialis
454 637 594 669 laudato
613 636 860 677 interpretatur
873 632 1003 671 Scotos,
1017 643 1095 665 cum
1109 644 1209 677 saepe
1224 645 1350 667 nomen
1363 635 1613 668 Britannorum

263 694 437 726 diversum
456 693 502 725 sit
519 692 562 724 ab
579 691 716 734 Anglis,
734 694 775 722 ut
792 690 829 722 in
846 690 937 722 notis
956 689 999 721 ad
1015 688 1210 722 Historiam
1228 689 1318 723 Belli
1336 692 1423 724 sacri
1438 691 1616 724 Benedicti

261 749 397 781 Accolti
415 747 526 780 docui,

313 804 414 836 Hanc
432 802 560 835 Graece
578 801 771 845 Latineque
789 801 1022 835 doctissimam
1049 800 1093 834 A.
1120 800 1236 834 Rufus
1260 801 1411 840 Pudens,
1436 814 1513 835 cum
1538 805 1616 835 exul

264 863 299 893 in
328 860 443 892 Scotia
471 862 569 896 esset,
599 862 639 890 ut
669 862 791 890 notum
815 858 1022 901 longinquas
1046 857 1207 901 relegatis
1232 858 1398 899 proscribi
1425 859 1542 891 solitas
1566 870 1618 891 re-

263 917 393 961 giones,
412 915 448 947 in
465 924 609 947 uxorem
628 914 749 946 duxit:
774 925 877 946 causa
900 918 990 946 certe
1014 913 1120 952 exilii,
1145 913 1363 947 Christianae
1382 914 1522 956 pietatis
1542 926 1617 958 pro-

264 972 388 1011 fessi0;
427 981 508 1004 nam
538 971 763 1013 imperatores
797 970 925 1002 ethnici
960 971 996 1002 in
1032 969 1232 1014 longinquis
1266 970 1464 1012 provinciis,
1496 972 1615 1012 procul

264 1029 377 1062 Roma
392 1026 609 1060 Christianos
622 1027 778 1060 habitare
791 1026 1050 1068 permittebant.
1078 1025 1232 1059 Cassiod.
1244 1026 1302 1059 lib.
1317 1035 1341 1059 1.
1355 1025 1509 1068 Tripart.
1523 1026 1615 1059 Hist.

264 1096 337 1128 cap.
356 1092 425 1117 VII.
466 1083 521 1116 Ita
538 1083 735 1127 ablegatum
755 1082 948 1115 Pudentem
966 1082 1154 1125 alloquitur
1168 1081 1275 1115 Mart.
1290 1081 1349 1115 lib.
1366 1090 1417 1114 VI.
1434 1093 1486 1125 ep.
1503 1091 1615 1114 LVIII.

556 1161 677 1189 Cernere
692 1160 851 1189 Parrhasios
865 1159 931 1187 dum
946 1165 975 1187 te
985 1160 1076 1196 juvat,
1092 1159 1176 1191 Aule,
1192 1159 1310 1187 Triones

593 1207 764 1239 Comminus,
779 1212 808 1234 et
824 1206 946 1244 Scythici
962 1205 1052 1233 sidera
1066 1205 1138 1233 ferre
1152 1205 1217 1242 poli,

556 1252 582 1279 O
594 1254 600 1280 !
626 1262 709 1290 quam
724 1262 795 1290 pene
809 1252 862 1279 tibi
878 1252 990 1289 Stygias
1003 1261 1055 1287 ego
1067 1256 1164 1288 raptus
1177 1250 1213 1278 ad
1227 1250 1315 1278 undas

598 1299 711 1336 Elysiae
724 1298 783 1325 vidi
797 1297 894 1325 nubila
907 1298 985 1324 fusca
998 1297 1095 1334 plagae
1106 1298 1112 1323 !

556 1345 693 1379 Quamvis
707 1344 778 1371 lassa
792 1349 854 1371 tuos
867 1343 1037 1380 quaerebant
1052 1342 1157 1369 lumina
1172 1342 1276 1374 vultus,

593 1391 690 1427 Atque
704 1395 763 1417 erat
777 1390 806 1416 in
820 1389 912 1426 gelido
925 1388 1064 1426 plurimus
1077 1397 1122 1415 ore
1138 1387 1259 1415 Pudens.

557 1436 587 1463 Si
601 1436 670 1463 mihi
683 1435 810 1463 lanificae
824 1435 931 1462 ducunt
945 1444 999 1461 non
1014 1433 1091 1471 pulla
1105 1443 1208 1461 sorores

595 1481 731 1515 Stamina,
746 1490 797 1509 nec
811 1480 907 1508 surdos
921 1490 973 1507 vox
985 1480 1069 1507 habet
1084 1480 1137 1507 ista
1152 1479 1237 1511 Deos,

557 1528 667 1565 Sospite
681 1537 725 1554 me
739 1537 831 1564 sospes
844 1527 940 1554 Latias
954 1526 1093 1553 reveheris
1107 1525 1142 1552 ad
1156 1525 1245 1557 urbes,

595 1573 633 1600 Et
646 1573 749 1601 referes
762 1573 813 1610 pili
827 1573 949 1610 praemia
963 1572 1052 1599 clarus
1067 1581 1159 1609 eques.

266 1648 333 1686 Qui
360 1649 453 1680 locus
480 1646 574 1679 exilii
601 1646 770 1678 Pudentis
796 1645 863 1678 dici
888 1644 1018 1689 Anglia
1045 1655 1113 1676 non
1139 1648 1262 1687 potest,
1289 1644 1348 1676 ubi
1374 1655 1459 1677 aura
1488 1650 1615 1688 tempe-

266 1704 384 1741 ratior,
403 1707 437 1735 et
455 1703 586 1736 coelum
610 1702 822 1740 clementius,
846 1701 905 1733 sed
929 1700 1054 1738 Scotia‚
1081 1701 1180 1744 cujus
1205 1700 1321 1733 ultimi
1339 1704 1470 1733 tractus
1488 1701 1616 1745 frigore

264 1759 435 1791 horrendo
463 1758 687 1795 infamantur,
711 1758 803 1800 quod
827 1768 895 1790 vox
917 1754 1104 1789 comminus
1127 1756 1281 1799 apposite
1306 1756 1466 1789 denotat:
1494 1757 1616 1789 deinde

265 1815 347 1856 quid
367 1819 461 1847 vetat
478 1815 590 1847 locum
609 1813 764 1846 tentari?

561 1876 680 1903 Cernere
695 1875 853 1902 Parrhasios
867 1875 933 1902 dum
948 1879 976 1902 te
987 1874 1078 1910 juvat,
1094 1873 1178 1905 Aule,
1195 1873 1311 1901 Triones

595 1922 766 1953 Comminus,
781 1926 810 1948 et
825 1921 926 1948 Scotici
941 1920 1042 1956 frigora
1055 1919 1128 1946 ferre
1142 1919 1206 1956 poli.

267 1978 420 2010 Maxime
446 1989 523 2010 cum
551 1976 676 2010 Florus
702 1977 959 2009 vetustissimus
983 1980 1084 2018 poeta
1108 1975 1200 2018 apud
1225 1974 1301 2007 Ael.
1333 1975 1555 2018 Spartianum
1580 1978 1615 2009 iu

270 2034 386 2066 eadem
406 2044 485 2066 voce
504 2034 712 2076 depravatus
731 2033 787 2065 sit.
839 2032 894 2065 Ita
911 2032 1002 2064 enim
1021 2032 1062 2064 de
1079 2030 1256 2064 Adriano:

558 2103 618 2139 Ego
631 2103 694 2130 nolo
708 2103 808 2130 Caesar
822 2112 890 2135 esse,

558 2148 712 2176 Ambulare
725 2158 775 2185 per
791 2148 961 2180 Brittannos,

559 2194 702 2231 Scythicas
715 2195 773 2231 pati
788 2194 910 2231 pruinas.

269 2258 343 2291 MS.
358 2269 454 2291 meus
466 2258 615 2301 optimae
627 2262 738 2297 notae,
751 2259 787 2291 in
802 2258 1002 2291 membrana
1016 2258 1163 2302 oblonga
1177 2257 1299 2295 forma,
1314 2258 1439 2291 diserte
1454 2258 1613 2301 praefert,

556 2320 710 2348 Ambulare
721 2330 771 2358 per
785 2320 942 2354 Britannos,
