1861 2682
272 289 332 317 104
638 288 861 320 HISTORIA
886 288 1247 320 ECCLESIASTICA

416 380 469 412 De
487 379 679 423 praecipuis
697 379 795 412 Fidei
814 379 994 422 Mysteriis
1235 379 1294 412 lib.
1315 389 1337 411 1.

418 435 659 478 Variloquium
679 433 891 467 Hebraicum
1235 434 1293 466 lib.
1315 443 1339 466 1.

419 491 651 523 Controversa
668 489 767 522 Fidei
786 489 909 532 Capita
1236 488 1295 521 lib.
1315 497 1340 521 1.

419 546 640 579 Evictionem
658 546 903 578 Ministrorum
923 545 1057 578 Scotiae
1238 544 1297 577 lib.
1318 553 1342 576 1.

322 602 420 635 Vivit
437 602 559 640 adhuc,
578 606 622 640 et,
640 606 680 634 ut
697 606 793 644 puto,
812 600 877 633 Dei
895 600 1042 644 gloriam
1059 599 1096 632 in
1113 599 1228 632 Scotia
1245 610 1380 644 gnavus
1398 606 1570 643 procurat,
1596 607 1628 634 et

274 659 376 691 audio
390 658 598 701 jampridem
617 657 811 700 squalorem
829 656 973 688 carceris
992 655 1191 688 declinasse.

599 767 889 801 GULIELMUS
916 765 1161 800 BECKLEY.
1214 770 1293 804 187.

273 883 514 915 GULIELMUS
532 880 684 924 Beckley
702 880 902 918 Carmenta,
921 880 1048 912 eximia
1066 880 1258 913 eruditione
1276 891 1314 913 ac
1337 881 1465 922 pietate
1488 880 1629 924 insigni,

272 937 477 971 monachum
496 937 532 969 in
550 936 664 969 Scotia
684 936 809 974 induit,
827 941 902 969 tum
920 936 1052 979 patriae
1070 935 1142 968 fato
1161 936 1242 968 exul
1259 935 1370 969 factus
1388 935 1425 968 in
1443 934 1574 968 Gallias
1593 946 1629 967 se

273 994 428 1032 contulit,
452 998 527 1026 tum
551 1004 572 1025 a
594 1003 675 1037 rege
700 991 834 1025 Scotiae
856 991 986 1025 Jacobo
1010 991 1077 1024 ΙΙΙ.
1102 992 1244 1024 domum
1268 995 1448 1024 revocatus
1472 991 1628 1024 substitit

272 1051 306 1081 in
327 1049 467 1094 Anglia,
488 1053 527 1082 ut
545 1049 581 1081 in
599 1048 865 1081 Collectionibus
884 1047 1031 1080 Gilberti
1055 1047 1189 1080 Brouni
1212 1047 1369 1080 habetur.
1422 1046 1627 1089 Imprudens

272 1111 322 1138 est
341 1105 363 1137 J
366 1115 492 1138 oannes
511 1105 682 1142 Pitsaeus,
699 1103 759 1146 qui
777 1103 934 1148 Anglum
952 1102 1046 1141 facit,
1061 1113 1140 1135 cum
1154 1102 1295 1136 Scotum
1309 1107 1445 1145 praeter
1458 1106 1628 1135 nostrates

272 1172 349 1194 eum
380 1161 484 1193 faciat
509 1160 553 1193 R.
581 1159 622 1192 P.
649 1159 700 1192 M.
728 1158 881 1191 Thomas
912 1157 1113 1197 Saracenus,
1144 1169 1259 1192 sacrae
1289 1158 1480 1202 theologiae
1510 1157 1630 1190 doctor

272 1217 512 1255 Bononiensis,
533 1221 567 1249 et
584 1215 765 1248 Ferrariae
782 1213 1009 1257 exprofessor.
1061 1213 1207 1256 Scripsit

415 1272 622 1310 Quodlibeta
639 1271 808 1314 quaedam
1234 1270 1291 1302 lib.
1314 1279 1337 1301 Ι.

414 1328 467 1360 De
486 1328 765 1361 Fraterculorum
783 1325 934 1358 Decimis
1235 1325 1293 1357 lib·
1316 1334 1338 1356 1.

416 1383 643 1421 Quaestiones
661 1381 852 1414 ordinarias
1234 1381 1292 1413 lib.
1313 1389 1336 1412 1.

417 1439 606 1472 Conciones
624 1438 737 1470 varias
1236 1436 1293 1468 lib.
1315 1446 1338 1468 1.

322 1495 457 1528 Floruit
475 1505 565 1527 anno
584 1502 896 1527 Mccccxxxwu.

607 1604 916 1638 WILHELMUS
942 1603 1159 1637 BENYNG.
1214 1606 1291 1637 188.

274 1721 535 1753 XV1LHELMUS
553 1718 713 1762 Benyng,
732 1718 826 1760 prior
844 1718 885 1750 de
904 1716 1101 1755 Neubottel,
1119 1721 1153 1749 et
1171 1721 1289 1759 postea
1306 1717 1409 1750 abbas
1429 1717 1547 1760 Cupri,
1574 1719 1627 1750 vir

273 1776 402 1820 insigni
416 1776 554 1818 pietate,
569 1785 630 1806 nec
644 1774 776 1806 minore
790 1774 980 1810 literatura,
995 1772 1145 1817 religiosi
1162 1772 1232 1805 voti
1251 1772 1396 1816 diligens
1415 1773 1625 1807 observator.

271 1832 407 1874 scripsit

418 1886 470 1919 De
484 1886 568 1919 Vita
583 1885 699 1919 Sancti
713 1885 735 1918 J
738 1897 768 1918 ο.
784 1884 888 1923 Scoti,
901 1885 974 1918 nati
988 1885 1024 1917 in
1039 1886 1119 1917 villa
1134 1884 1272 1917 Podoen
1284 1894 1388 1926 prope
1403 1884 1572 1917 Cestriam
1588 1887 1624 1917 in

466 1942 607 1986 Anglia,
625 1942 684 1974 sed
702 1941 825 1973 deinde
842 1939 959 1973 Sancti
977 1940 1137 1973 Andreae
1155 1940 1303 1982 episcopi
1322 1941 1430 1978 electi,
1449 1941 1508 1973 lib.
1528 1950 1551 1972 1.

322 1999 421 2031 Vixit
447 2009 537 2030 anno
565 2004 830 2030 MCLXXXVHI.
881 1995 1086 2040 Elegantem
1113 2006 1215 2038 porro
1236 1996 1335 2028 illum
1353 1996 1506 2029 libellum
1526 2002 1624 2029 vocat

274 2053 553 2086 Scotichronicon
571 2052 629 2085 lib.
649 2060 701 2084 VI.
720 2062 792 2094 cap.
814 2060 878 2083 XL.
930 2051 1012 2084 Alia
1035 2051 1152 2089 edidit,
1179 2051 1237 2083 sed
1264 2062 1332 2083 non
1359 2057 1489 2090 extant,
1516 2063 1626 2094 neque

271 2110 382 2152 apices
399 2109 441 2141 ad
460 2119 514 2140 me
533 2112 713 2141 venerunt.

588 2202 901 2236 ALEXANDER
929 2202 1170 2236 BETONUS.
1224 2205 1303 2239 189.

272 2277 536 2310 ALEXANDER
579 2275 745 2313 Betonus,
787 2275 911 2308 nobilis
953 2286 1088 2320 genere,
1132 2287 1193 2309 nec
1236 2277 1364 2308 virtute
1406 2276 1545 2317 dispari,
1588 2276 1623 2307 in

275 2332 443 2364 Patavino
494 2330 608 2374 Lyceo
659 2331 845 2364 medicinae
895 2332 1013 2365 doctor
1063 2343 1131 2365 non
1183 2332 1231 2365 ita
1272 2332 1404 2374 pridem
1447 2331 1624 2363 renuncia-
