1861 2682
314 355 801 408 HISTORIAE
844 352 1590 407 ECCLESIASTICAE

596 447 870 495 GENTIS
908 445 1299 493 SCOTORUM

718 567 897 605 LIBER
926 565 1184 605 TERTIUS.

641 708 674 740 S.
703 706 848 740 CAIUS
874 705 1130 739 SEDULIUS.
1179 708 1259 743 229.

271 796 303 827 S.
317 795 437 829 CAIUS
452 795 622 832 Sedulius,
642 794 715 826 sive
733 793 882 831 Coelius,
902 796 1141 836 cognomento,
1159 796 1199 824 ut
1218 792 1366 830 videtur,
1386 792 1556 833 Romano,
1577 795 1629 827 in-

269 862 353 895 gens
371 851 503 894 patriae
521 861 602 882 suae
621 853 873 882 ornamentum.
918 848 940 880 J
943 859 1019 881 oan.
1033 847 1196 880 Leslaeus
1210 847 1270 880 lib.
1291 856 1343 880 IV.
1359 859 1438 892 pag.
1459 857 1627 882 CXXXIV.

270 912 289 925 ⁶⁶
304 907 369 939 Dei
387 907 525 939 amans’'
544 917 564 938 a
580 906 603 938 J
605 918 635 938 0.
652 905 831 948 Groppero
849 910 933 937 tom.
950 913 974 936 Ι.
989 904 1030 936 de
1043 904 1349 937 Praestantissimo
1365 903 1498 937 Altaris
1511 905 1630 938 Sacra-

269 968 385 996 mento
411 963 447 994 in
471 963 583 994 indice
606 962 810 1004 appellatur.
831 960 1049 993 Bibliotheca
1075 959 1253 992 Minornm
1281 959 1427 992 Patrum
1454 961 1546 1003 apud
1571 961 1627 994 Jo.

269 1020 487 1053 Gualterium
506 1019 678 1052 Chronico
695 1017 856 1050 Chronic.
881 1027 961 1060 pag.
989 1024 1245 1049 DCCCCLXXV.
1274 1020 1294 1034 ⁶⁶
1312 1015 1450 1049 Coelius
1469 1016 1629 1050 Sedulius

269 1077 422 1109 Scotus.’'
449 1075 471 1108 J
474 1087 549 1109 oan.
565 1075 735 1107 Trithem.
751 1074 809 1106 lib.
829 1074 869 1105 de
882 1072 1115 1115 Scriptoribus
1134 1071 1385 1104 Ecclesiasticis
1403 1081 1410 1104 :
1435 1076 1454 1090 ⁶⁶
1468 1072 1629 1105 Sedulius

268 1133 459 1175 presbyter,
470 1132 609 1164 natione
618 1130 752 1168 scotus,
768 1128 963 1162 Hildeberti
978 1127 1157 1160 Scotorum
1174 1127 1421 1170 archiepiscopi
1436 1128 1479 1161 ab
1489 1128 1630 1161 ineunte

267 1192 378 1221 aetate
397 1188 597 1230 discipulus,
617 1187 671 1218 vir
689 1186 724 1218 in
743 1185 872 1217 divinis
890 1184 1000 1217 literis
1018 1183 1238 1221 exercitatus,
1262 1187 1296 1215 et
1318 1184 1527 1216 secularibus
1553 1185 1629 1216 lite-

267 1244 476 1281 ratissimus,
498 1243 649 1275 carmine
667 1242 834 1274 excellens
859 1245 893 1273 et
915 1251 1028 1283 prosa,
1053 1250 1169 1272 amore
1187 1239 1339 1271 discendi
1358 1238 1508 1272 Scotiam
1526 1240 1628 1272 relin-

267 1311 374 1343 quens
393 1300 488 1332 venit
505 1300 542 1331 in
560 1299 762 1335 Franciani3
782 1297 905 1328 deinde
924 1295 1061 1328 Italiam
1081 1294 1316 1336 perlustravit,
1335 1300 1369 1327 et
1387 1294 1528 1334 Asiam3
1551 1307 1627 1338 pos—

267 1362 377 1388 tremo
394 1355 547 1388 Achaiae
564 1354 691 1386 finibus
709 1353 886 1389 excedens,
912 1352 948 1383 in
970 1350 1054 1383 urbe
1072 1350 1186 1382 Roma
1205 1350 1356 1382 mirabili
1379 1351 1536 1384 doctrina
1563 1353 1628 1384 cla-

267 1423 326 1445 rus
344 1411 482 1444 effulsit.
535 1410 603 1442 Hic
621 1409 773 1447 tandem,
796 1412 836 1439 ut
860 1406 1061 1451 Sigebertus
1085 1405 1216 1444 scribit,
1241 1406 1422 1448 episcopus
1447 1407 1628 1440 ordinatus

266 1468 344 1505 fuit,
363 1467 421 1499 sed
440 1466 627 1503 ecclesiam,
646 1465 701 1497 vel
718 1464 839 1496 urbem
857 1463 928 1501 ubi,
947 1473 1016 1495 non
1034 1461 1230 1504 exprimit-’³
1281 1461 1431 1494 Auctius
1451 1464 1627 1506 exemplar

267 1523 437 1567 Sigeberti
455 1522 589 1554 viderat
609 1520 825 1553 Trithemius
844 1523 986 1556 110stro;
1013 1529 1094 1550 nain
1113 1517 1149 1549 in
1168 1518 1311 1561 vulgata
1329 1517 1490 1556 editione,
1510 1519 1551 1551 de
1570 1519 1627 1552 Se-

266 1579 360 1611 dulio
378 1590 420 1610 ne
438 1578 582 1610 verbum
601 1578 721 1615 ullum,
746 1576 814 1608 nisi
837 1575 926 1607 forte
952 1575 989 1606 in
1014 1574 1159 1606 historia
1185 1574 1259 1617 ejus
1286 1574 1495 1613 meminerit,
1522 1586 1625 1617 quam

267 1635 342 1667 MS.
362 1639 479 1666 extare
497 1634 635 1671 scimus,
654 1637 715 1665 aut
733 1632 768 1664 in
786 1631 881 1664 Viris
901 1630 1112 1668 Illustribus,
1131 1634 1165 1662 et
1183 1628 1272 1661 forte
1290 1629 1421 1673 legerat
1439 1630 1506 1662 ille.

315 1690 468 1722 Tantum
488 1690 580 1721 illius
599 1690 652 1721 vel
670 1689 803 1731 pietati,
831 1689 885 1720 vel
910 1686 1086 1729 probitati,
1113 1690 1147 1718 et
1172 1685 1348 1717 doctrinae
1374 1685 1557 1724 tributum,
1584 1693 1622 1720 ut

268 1747 406 1778 ecclesia
423 1746 571 1788 hymnos
590 1745 632 1777 ab
650 1756 689 1777 eo
706 1743 914 1786 compositos
932 1741 1175 1774 celebrioribus
1193 1741 1275 1773 anni
1293 1740 1390 1773 festis
1414 1747 1525 1780 canat,
1556 1743 1625 1775 imo

267 1808 299 1834 et
318 1802 352 1834 in
372 1802 534 1845 Augusto
552 1801 677 1833 missae
695 1799 872 1837 sacrificio,

523 1854 603 1881 Salve
618 1859 713 1882 sancta
727 1863 835 1891 pareus,
850 1852 932 1880 enixa
946 1861 1084 1888 puerpera
1098 1859 1199 1887 regem.

316 1912 411 1944 Inter
430 1916 560 1943 veteres
579 1910 736 1943 nonnulli
756 1909 872 1953 magni
892 1908 966 1952 ejus
985 1907 1176 1939 doctrinam
1195 1906 1314 1945 fecere,
1342 1919 1489 1950 eumque
1508 1910 1625 1942 lauda—

268 1979 357 2000 vere.
402 1967 521 1999 Aurel.
534 1966 727 1999 Cassiodor.
745 1965 803 1997 lib.
816 1965 856 1996 de
869 1963 987 1995 Divin.
1004 1962 1195 1995 Lectionib.
1211 1973 1283 2005 cap.
1297 1972 1428 1995 xxvn.
1449 1969 1468 1982 ⁶⁶
1482 1964 1550 1997 Ubi
1566 1965 1623 1998 Se-

268 2024 353 2056 dulii
373 2024 421 2055 illi
443 2034 563 2056 versus
584 2022 718 2055 dicendi
742 2026 823 2054 sunt
838 2021 867 2059 3⁷⁷
896 2019 1007 2052 adfert
1029 2019 1151 2051 deinde
1175 2020 1298 2057 locum,
1323 2020 1381 2052 sed
1406 2021 1623 2063 corruptissi-

268 2090 361 2111 mum
379 2089 387 2117 ς
416 2084 454 2111 tu
473 2080 557 2122 lege,

523 2139 648 2166 Grandia
662 2148 742 2176 posco
756 2138 878 2175 quidem,
894 2137 942 2165 sed
957 2142 988 2164 tu
1004 2137 1069 2164 dare
1082 2137 1199 2174 grandia
1214 2138 1295 2165 nosti.

523 2185 615 2219 Quem
630 2185 718 2221 magis
732 2183 857 2211 offendit,
873 2183 999 2220 quisquis
1014 2183 1149 2220 sperando
1163 2184 1289 2220 tepescit.

317 2250 470 2282 Isidorus
491 2249 709 2291 Hispalensis
728 2249 870 2280 advocat
891 2247 948 2279 lib.
970 2257 1037 2280 xx.
1057 2260 1129 2290 cap.
1151 2257 1203 2280 lv.
1222 2248 1331 2281 Asscr
1349 2249 1525 2281 Menensis
1544 2250 1622 2282 libr.

268 2307 307 2338 de
326 2305 408 2338 Vita
424 2305 577 2337 Aelfredi
600 2304 704 2348 Regis
721 2305 754 2336 in
771 2305 908 2336 limine:
936 2309 954 2321 ‘⁴
968 2303 1089 2336 Getam
1106 2305 1312 2348 jamdudum
1333 2305 1458 2348 pagani
1474 2315 1535 2346 pro
1550 2304 1624 2337 Deo
