1861 2682
588 253 759 285 GENTIS
784 255 1055 294 SCOTORUM,
1079 257 1166 288 LIB.
1192 259 1255 290 111.
1542 264 1602 294 173

561 345 771 379 THOMAS
797 347 1143 383 CARNIGILLUS.
1196 354 1277 389 299.

240 398 412 432 THOMAS
433 399 656 445 CarnigilluS‚
674 402 808 435 scholae
826 403 1084 438 Aberdonensis
1103 407 1309 449 praefectus,
1329 409 1384 441 vir
1402 409 1596 443 literatissi-

237 465 326 493 mus,
345 456 477 498 primae
495 467 590 489 meae
603 457 771 501 juventae
789 459 980 493 institutor.
1033 461 1179 505 Scripsit

383 510 587 544 Poematum
605 513 721 552 libros,
740 519 774 546 et
791 514 885 548 Justi
905 516 1016 560 Lipsii
1042 518 1083 550 de
1107 518 1315 553 Constantia
1336 521 1443 554 libros
1470 522 1507 554 in
1531 523 1596 555 lin-

427 578 534 611 guam
552 568 724 601 Scoticam
743 572 935 605 transtulit.

284 622 382 655 Obiit
400 634 491 656 anno
511 631 642 656 MDCII.
661 624 771 658 hostis
789 627 1051 662 haereticorum.

570 719 788 755 JACOBUS
813 722 1122 759 CARMICHEL.
1175 730 1255 761 300.

232 788 407 824 JACOBUS
436 791 630 824 Carmichel
659 793 957 835 Hadintoniensis,
984 797 1112 831 Graece
1138 811 1176 832 ac
1203 800 1329 834 Latine
1355 803 1588 837 doctissimus.

232 844 377 888 Scripsit

376 902 631 937 Dictionarium
650 904 964 941 Graeco-Latinum
983 909 1156 944 scoticum
1174 913 1233 946 lib.
1251 923 1276 946 Ι.
1295 926 1381 958 opus
1396 915 1525 949 infiniti
1542 917 1591 949 la-

424 959 526 998 boris,
545 965 579 993 et
596 962 791 994 reconditae
808 963 1072 1007 disquisitioniS,
1090 969 1183 1010 quod
1203 968 1356 1004 Thomas
1376 972 1587 1005 Thomasius

423 1014 562 1059 Anglus
587 1017 648 1048 vili
671 1018 783 1059 pretio
806 1019 849 1052 ab
872 1020 931 1053 illo
957 1022 1050 1060 emit,
1075 1027 1109 1055 et
1134 1035 1198 1057 suo
1223 1027 1362 1059 nomine
1379 1027 1588 1070 publicavit3

423 1076 456 1103 et
487 1081 571 1104 cumr
599 1073 656 1104 ille
686 1072 752 1106 fide
786 1075 876 1114 data,
906 1076 1137 1121 jurejurando
1166 1080 1381 1125 interposito,
1411 1084 1589 1117 silentium

423 1127 648 1168 promisisset,
669 1140 723 1161 res
742 1131 885 1175 vulgata
902 1132 945 1164 ab
962 1133 1005 1165 iis
1027 1135 1087 1178 qui
1111 1135 1247 1170 chartas
1271 1138 1309 1171 in
1334 1150 1453 1172 museo
1479 1141 1588 1183 ipsius

421 1183 658 1226 autographas
676 1185 856 1220 vidissent.

277 1235 377 1269 Vixit
395 1236 508 1269 adhuc
527 1237 762 1272 Hadintoniae
781 1242 816 1274 in
834 1241 950 1276 Scotia
967 1245 1172 1286 haereticus,
1196 1250 1256 1282 sed
1280 1251 1470 1285 catholicus
1488 1252 1585 1291 obiit,

228 1303 248 1324 a
266 1291 420 1325 Patricio
437 1292 645 1327 Andersono
663 1294 844 1330 Societatis
862 1299 1064 1343 presbytero
1083 1303 1273 1338 absolutus.

587 1389 814 1425 JOANNES
840 1393 1099 1431 CAMERON.
1152 1402 1232 1432 301.

225 1460 247 1492 J
252 1468 412 1494 OANNES
431 1461 602 1495 cameron
620 1463 922 1507 eloquentissimus
941 1468 1047 1502 bonas
1066 1476 1156 1505 artes
1176 1472 1299 1507 Galliis
1313 1475 1374 1508 diu
1387 1476 1510 1509 celebri
1526 1488 1586 1510 no-

224 1517 317 1549 mine
343 1517 529 1560 professus,
557 1519 612 1551 vir
637 1521 810 1554 maximus
837 1522 979 1557 indubie
1004 1525 1157 1575 futurus,
1184 1530 1213 1562 si
1240 1529 1457 1564 catholicam
1484 1533 1585 1566 fidem

224 1572 356 1605 haeresi
374 1574 606 1616 praetulisset.
658 1575 803 1619 Scripsit

370 1629 605 1663 Orientalium
624 1631 844 1676 Linguarum
864 1634 1092 1671 Collationem
1213 1642 1273 1674 lib.
1295 1651 1319 1675 1.

370 1685 560 1719 Hebraicos
580 1689 747 1730 quosdam
766 1694 922 1724 auctores
940 1691 1066 1727 Latine
1085 1696 1191 1729 vertit
1214 1698 1273 1731 lib.
1294 1708 1318 1731 1.

271 1740 371 1774 Vixit
401 1741 565 1775 salmurii
597 1745 730 1786 patriae
764 1752 990 1781 ornamento:
1032 1761 1124 1783 nunc
1153 1753 1256 1786 audio
1288 1754 1432 1789 Parisiis
1467 1758 1583 1791 ortho-

223 1797 347 1829 doxam
367 1798 467 1830 fidem
485 1798 691 1841 professum,
711 1812 749 1834 ac
767 1801 935 1835 Glascuae
953 1816 1064 1849 agere.

687 1897 728 1929 B.
756 1897 988 1933 CLAUDIA.
1040 1905 1119 1936 302.

224 1964 265 1996 Β.
289 1964 486 2005 CLAUD1A‚
512 1967 670 2001 Romano
695 1976 923 2014 cognomento
946 1979 1125 2017 assumpto
1149 1976 1277 2010 Rufina
1303 1979 1405 2018 dicta,
1433 1980 1580 2025 insignis

224 2019 355 2052 Romae
368 2023 511 2063 poetria,
525 2023 591 2055 sub
605 2025 791 2067 imperium
804 2026 1009 2061 Domitiani.
1030 2030 1080 2062 M.
1100 2031 1274 2066 Martialis
1293 2034 1433 2078 Coquus
1449 2037 1507 2069 lib.
1524 2046 1578 2070 XI.

223 2076 312 2120 epig.
336 2085 412 2109 LIV.

515 2148 633 2176 Claudia
647 2151 780 2178 caeruleis
795 2162 857 2179 cum
873 2154 909 2182 sit
925 2154 1025 2183 Rufina
1041 2156 1185 2186 Britannis

555 2194 649 2227 Edita,
665 2206 747 2232 quam
762 2198 860 2226 Latiae
874 2206 986 2236 pectora
999 2202 1089 2238 plebis
1102 2203 1186 2232 hahet
1200 2206 1206 2231 !

516 2240 609 2274 Quale
625 2241 709 2269 decus
724 2243 828 2271 formae
841 2246 846 2271 !
874 2245 1024 2274 Romanam
1039 2248 1131 2276 dicere
1146 2256 1249 2278 matres

527 2284 530 2288 '
556 2286 672 2314 Italides
686 2295 808 2324 possent,
824 2291 959 2319 Atthides
972 2302 1031 2320 esse
1046 2303 1134 2321 suani.

514 2331 553 2358 Di
569 2332 649 2365 bene,
665 2333 738 2370 quod
751 2341 847 2362 sancto
860 2337 969 2373 peperit
985 2339 1121 2367 foecunda
1135 2341 1244 2371 marito,

553 2377 638 2411 Quod
652 2387 744 2415 sperat
759 2390 884 2416 generos,
899 2383 1028 2420 quodque
1041 2385 1136 2421 puella
1150 2396 1246 2414 nurus.

517 2422 562 2451 Sic
576 2423 683 2461 placeat
698 2426 814 2462 superis,
830 2433 861 2454 ut
876 2429 993 2466 conjuge
1006 2430 1126 2466 gaudeat
1142 2441 1206 2463 uno,
