1861 2682
604 245 776 278 GENTIS
800 243 1071 282 SCOTORUM‚
1096 243 1183 275 LIB.
1210 243 1267 274 IV.
1557 244 1618 273 203

263 338 408 382 Scripsit

406 394 588 427 Sermones
605 395 648 427 ad
667 394 808 428 Fratres
1181 393 1240 425 lib.
1261 402 1284 425 1.

407 450 552 483 Sanctae
570 450 673 483 Vitae
693 450 864 494 Regulam
1178 449 1238 481 lib.
1259 456 1282 479 1.

406 506 584 549 Epistolas
602 507 645 538 ad
664 506 869 539 Columbam
887 506 1094 549 magistrum
1178 504 1237 537 lib.
1258 513 1282 536 1.

408 561 655 594 Meditationes
1180 560 1239 593 lib.
1261 569 1284 592 1.

310 617 409 651 Vixit
424 628 514 650 anno
530 626 635 650 Dcvi.
671 617 694 650 J
696 629 822 651 oannes
837 617 1000 650 Leslaeus
1014 616 1072 649 lib.
1090 625 1142 649 1v.
1158 627 1236 661 pag.
1253 624 1347 649 eL11.
1384 615 1520 648 Colitur
1534 624 1618 649 xxi.

262 674 406 717 Aprilis.

713 769 747 801 S.
775 769 1032 802 DICULLUS.
1085 768 1164 802 368.

261 841 295 873 S.
320 841 526 874 DICULLUS
551 842 741 885 presbyter,
768 841 803 874 S.
831 841 975 874 Fursaei
1002 843 1141 886 collega,
1168 853 1210 874 ex
1236 841 1352 874 Scotia
1377 853 1456 874 eum
1481 843 1517 874 in
1541 842 1622 875 Gal-

262 897 343 930 liam
362 902 510 936 soeutus,
529 898 739 930 monasterio
757 897 800 930 ab
817 897 876 929 illo
901 902 952 930 est
975 897 1204 940 praepositus,
1229 902 1263 930 et
1288 908 1389 930 curae
1413 899 1619 937 animarum,

261 954 344 985 dum
374 954 648 986 anachoreticam
680 953 789 985 vitam
820 953 877 985 ille
904 954 1044 997 eligens,
1072 954 1193 996 procul
1218 964 1238 986 a
1267 954 1390 986 mundi
1421 959 1621 997 contemptu

260 1014 293 1041 et
312 1009 478 1042 illecebris
497 1010 676 1042 secederet.
698 1009 794 1042 Beda
812 1009 870 1041 lib.
891 1018 949 1041 111.
970 1009 1104 1042 Histor.
1121 1009 1252 1042 Eccles.
1273 1009 1420 1054 Anglor.
1439 1020 1513 1052 cap.
1534 1019 1620 1042 xix.

260 1064 520 1098 Sanctissimam
555 1066 629 1109 ejus
664 1065 1025 1098 commemorationem
1065 1065 1148 1098 facit
1187 1066 1335 1110 insignis
1375 1067 1515 1098 ecclesia
1558 1067 1622 1099 Pe-

260 1122 416 1154 ronensis
440 1123 475 1153 in
501 1122 660 1160 Morinis,
685 1123 743 1154 sed
768 1133 836 1165 quo
860 1122 925 1160 die,
949 1122 1083 1160 nescio3
1108 1126 1194 1164 puto
1215 1130 1298 1154 XVI.
1323 1120 1482 1154 Januarii
1502 1122 1621 1164 ipsius,

260 1183 299 1210 ut
323 1183 357 1210 et
380 1177 424 1209 D.
450 1177 606 1215 Fursaei‚
630 1178 776 1210 aliorum
801 1178 905 1210 etiam
931 1178 1087 1210 omnium
1113 1178 1173 1221 qui
1199 1189 1277 1210 cum
1303 1178 1362 1210 illo
1388 1182 1555 1210 venerant
1580 1189 1622 1210 ex

259 1233 384 1271 Scotia,
413 1233 655 1265 solennitatem
684 1234 858 1266 celebrari.
910 1233 963 1266 De
989 1234 1031 1266 iis
1060 1238 1150 1266 certe
1178 1234 1337 1266 omnibus
1368 1233 1464 1266 Beda
1494 1233 1621 1266 librum

259 1289 434 1331 promittit
450 1289 524 1320 loco
541 1288 692 1326 laudato,
711 1289 770 1321 sed
788 1299 858 1321 non
875 1289 1014 1331 prodiit,
1034 1290 1088 1321 vel
1112 1290 1255 1328 interiit,
1280 1290 1449 1332 siquidem
1469 1291 1505 1322 in
1523 1301 1562 1323 ea
1585 1289 1619 1322 S.

260 1345 415 1383 Fursaei‚
434 1355 538 1388 quam
558 1344 682 1377 Surius
701 1349 784 1378 tom.
806 1354 829 1377 1.
848 1345 967 1383 edidit,
987 1344 1070 1384 vita,
1091 1356 1134 1378 ne
1153 1346 1297 1378 verbum
1311 1346 1451 1388 quidem
1465 1346 1506 1378 de
1520 1347 1621 1379 sociis

260 1402 381 1444 ipsius.
434 1400 524 1445 Ejus
543 1406 594 1434 est

406 1456 597 1489 Instructio
614 1457 658 1489 ad
676 1456 866 1490 Monachos
1141 1458 1200 1491 lib.
1221 1467 1245 1490 Ι,
1264 1461 1440 1491 asservata
1458 1458 1619 1502 religiosa

454 1523 536 1545 cura
555 1512 720 1545 Peronae.

310 1568 446 1601 Floruit
464 1579 555 1601 anno
573 1576 662 1601 DCL.

727 1666 762 1698 S.
790 1665 1013 1699 DYMPNA.
1067 1666 1148 1704 369.

261 1738 295 1770 S.
327 1737 521 1776 DYMPNA‚
556 1738 647 1781 regis
679 1738 868 1771 Hiberniae
899 1739 978 1777 filia,
1009 1751 1029 1772 a
1061 1744 1159 1782 patre
1189 1751 1251 1773 suo
1282 1741 1464 1773 idololatra
1494 1746 1618 1778 amata,

261 1794 474 1837 aliquamdiu
492 1794 527 1825 in
547 1792 661 1826 Scotia
680 1795 825 1833 vixerat,
848 1800 879 1827 et
906 1796 1069 1838 pietatem
1093 1796 1287 1834 imbiberat,
1313 1797 1618 1840 virginitateinque

260 1849 334 1882 Deo
352 1854 506 1882 voverat.
550 1848 608 1881 An
627 1850 758 1892 aliquid
776 1852 962 1893 scripserit,
981 1851 1161 1883 incertum.
1206 1852 1312 1885 Passa
1327 1858 1378 1885 est
1393 1863 1431 1884 eo
1445 1863 1535 1884 anno
1550 1864 1618 1895 quo

262 1904 376 1937 Scotia
393 1905 548 1943 excessit,
568 1913 716 1938 DCCXX.
768 1906 904 1939 Colitur
923 1915 988 1939 XV.
1009 1907 1106 1940 Maii.
1159 1907 1306 1941 Gilberti
1321 1908 1433 1940 Bruni
1452 1908 1617 1941 Calenda-

260 1971 360 1993 rium.

696 2058 730 2090 S.
758 2059 1056 2092 DONORTIUS.
1110 2062 1189 2096 370.

260 2129 294 2161 S.
314 2129 560 2168 DONORTIUS‚
584 2132 763 2174 episcopus
783 2132 1062 2170 Murthlacensis‚
1088 2143 1214 2176 inagna
1237 2133 1431 2166 sanctitatis
1454 2134 1613 2176 opinione

259 2186 421 2221 successit
441 2185 474 2217 S.
496 2186 624 2224 Beano,
643 2187 702 2229 qui
720 2188 853 2229 primus
872 2188 907 2219 in
925 2179 970 2219 ea*
982 2189 1122 2220 ecclesia
1140 2189 1285 2221 sederat.
1324 2189 1424 2222 Hect.
1446 2189 1613 2221 Boethius

260 2241 319 2273 lib.
340 2250 394 2273 XI.
416 2241 508 2274 Hist.
529 2241 619 2274 Scot.
639 2253 717 2286 pag.
737 2251 880 2274 CCXLV.
905 2249 939 2276 et
961 2244 998 2275 in
1021 2245 1079 2276 lib.
1104 2245 1145 2276 de
1164 2244 1372 2277 Pontificum
1391 2244 1612 2277 Aberdonen-

260 2297 350 2329 sium
376 2296 471 2335 Vita,
501 2308 583 2330 nain
610 2298 880 2331 Murthlaeensis
907 2300 1075 2332 translata
1101 2304 1152 2332 est
1178 2300 1412 2333 Aberdoniain
1440 2301 1611 2333 cathedra.

260 2352 406 2395 Scripsit
423 2352 615 2386 Donortius
