1861 2682
601 241 771 274 GENTIS
796 240 1066 278 SCOTORUM,
1092 239 1179 270 LIB.
1204 239 1266 270 111.
1552 242 1611 272 193

253 337 348 380 regio
365 335 533 380 sanguine
551 339 722 367 asseveret
740 338 855 366 ortum
873 344 1000 378 magna
1022 344 1062 366 ea
1078 336 1220 375 propter
1237 332 1296 364 illo
1314 331 1350 363 in
1368 341 1476 375 regno
1494 338 1609 364 aucto-

254 392 356 424 ritate
374 391 536 435 viguisse.
555 389 845 433 Archiepiscopus
863 390 1013 432 primum
1031 388 1269 420 Dubliniensis
1287 388 1324 419 in
1344 386 1524 425 Hibernia,
1552 388 1609 419 ubi

254 448 429 480 ecclesiam
447 446 492 479 D.
512 446 663 479 Patricio
681 446 886 484 construxit,
909 450 950 477 ut
972 444 1101 477 habent
1122 444 1262 476 annales
1288 443 1491 481 Hibernici;
1518 449 1611 486 post-

254 514 293 535 ea
310 513 329 535 a
348 502 456 535 Lucio
478 501 639 545 pontifice
661 501 805 534 Velitris
829 500 1011 534 cardinalis
1034 505 1180 538 creatur,
1205 503 1245 531 ut
1267 498 1401 531 Giraldi
1424 498 1612 531 Cambren-

254 559 300 590 sis
326 559 532 591 auctoritate
557 558 690 600 liquet3
722 556 916 595 ciaconius,
943 555 1158 598 Onuphrius,
1188 559 1223 587 et
1253 554 1311 587 alii
1341 555 1473 587 nullam
1504 554 1612 587 fecere

254 614 463 646 mentionem
481 613 566 657 ejus.
618 613 763 656 Scripsit
779 613 920 646 indubie
937 612 1068 645 multa:
1094 622 1158 656 ego
1176 611 1260 650 vidi,
1279 611 1316 643 in
1333 611 1473 644 laudata
1492 611 1613 643 biblio-

254 669 363 707 theca,

396 724 574 768 Epistolas
593 726 635 757 ad
654 724 837 758 Pontifices
1170 723 1228 756 lib.
1249 731 1273 755 Ι.

396 780 573 824 Epistol-as
591 781 634 814 ad
652 781 766 814 varios
1173 779 1231 812 lib.
1252 788 1277 811 1.

302 836 530 869 Consecratus
553 838 590 870 in
613 837 824 870 sacerdotem
848 836 991 870 Velitris
1016 847 1035 868 a
1059 835 1168 868 Lucio
1186 834 1255 867 III.
1275 843 1365 867 XIII.
1389 836 1451 868 cal.
1477 835 1610 878 Aprilis

253 903 343 925 anno
363 900 585 925 MCLxxxn.
611 892 791 925 Hoveden.
817 904 896 937 pag.
916 900 1043 925 ecem.
1068 891 1215 924 Creatus
1240 896 1292 923 est
1316 890 1350 923 S.
1370 890 1414 923 R.
1435 891 1478 923 E.
1505 893 1614 924 cardi-

254 949 341 981 nalis
382 948 563 992 presbyter
601 959 692 981 anno
725 950 827 981 salut.
865 956 1102 981 MCLXXXIII.
1138 947 1181 979 ab
1215 946 1358 979 ecclesia
1391 958 1454 980 sua
1492 949 1613 990 pulsus

256 1012 439 1036 MCXCVII.
471 1004 599 1048 Roger.
628 1004 670 1036 de
700 1003 869 1036 Hoveden
898 1003 1027 1036 Annal.
1058 1007 1147 1046 part.
1181 1011 1223 1035 11.
1252 1013 1331 1047 pag.
1363 1011 1611 1036 CCCCXXXIX.

255 1060 352 1092 Obiit
376 1071 430 1092 an.
453 1068 608 1093 MCCXII.
635 1061 791 1103 sepultus
810 1060 980 1093 Dublinii.
1006 1059 1140 1092 Putant
1162 1057 1328 1098 Dublani‚
1355 1069 1424 1092 non
1441 1059 1612 1098 Dublinii,

254 1116 391 1148 sedisse.

617 1225 836 1259 JACOBUS
862 1225 1108 1260 CADANUS.
1161 1228 1242 1264 349.

253 1340 428 1372 JACOBUS
454 1338 627 1377 Cadanus,
658 1348 719 1371 seu
746 1337 829 1376 Kid,
855 1338 1009 1371 honestis
1039 1337 1155 1371 Alecti
1182 1342 1285 1371 natus
1315 1339 1529 1382 parentibus,
1561 1341 1615 1372 vir

253 1396 470 1440 prodigiosae
492 1394 689 1433 memoriae,
714 1404 753 1427 ac
775 1393 930 1427 infinitae
953 1394 1249 1437 inexhaustaeque
1272 1395 1439 1434 lectionis,
1467 1400 1614 1438 utraque

254 1452 374 1496 lingua
391 1461 497 1494 supra
513 1450 577 1483 hoc
595 1451 748 1483 seculum
766 1449 946 1488 facundus,
968 1461 1048 1483 rara
1069 1450 1201 1495 ingenii
1224 1450 1389 1483 felicitate
1407 1462 1469 1484 nec
1488 1452 1612 1484 minori

253 1509 414 1540 successu
426 1507 487 1550 jus
505 1506 639 1549 publice
658 1505 804 1539 Tolosae
822 1505 1008 1548 professus,
1031 1517 1110 1539 cum
1133 1507 1329 1540 adolescens
1354 1506 1515 1539 Lutetiae
1540 1508 1614 1550 phi-

255 1563 445 1605 losophiam
464 1567 498 1595 et
515 1562 633 1595 literas
651 1561 872 1594 humaniores
891 1562 1075 1601 docuisset,
1094 1563 1282 1607 ingentem,
1300 1568 1335 1596 et
1348 1563 1485 1607 magnis
1500 1574 1615 1605 sump-

254 1619 357 1657 tibus,
377 1629 439 1651 nec
460 1618 586 1650 minori
607 1617 739 1661 judicio
763 1622 1007 1660 comparatam,
1031 1618 1273 1651 bibliothecam
1292 1619 1442 1651 moriens
1461 1619 1612 1657 dimisit;

253 1685 366 1707 sacros
395 1674 527 1707 codices
553 1672 720 1706 fratribus
746 1672 1027 1718 Augustinianis,
1049 1674 1218 1718 juridicos
1247 1673 1292 1706 D.
1323 1674 1534 1712 Tar-rabello,
1564 1686 1614 1707 re-

254 1731 366 1773 liquos
383 1730 428 1762 D.
449 1730 559 1762 Reido
577 1729 644 1761 civi
664 1740 737 1767 suo,
757 1734 963 1762 testamento
980 1730 1190 1772 relinquens.
1238 1729 1328 1774 Ejus
1348 1735 1427 1762 sunt
1446 1740 1452 1762 :

396 1785 437 1818 In
455 1785 541 1818 Jure
559 1785 663 1817 Civili
682 1786 847 1818 nonnulla
1172 1785 1230 1818 lib.
1252 1794 1274 1818 1.

399 1841 563 1874 Poemata
581 1842 677 1873 varia
1172 1840 1231 1889 lib.
1252 1850 1274 1873 Ι.

397 1896 576 1939 Epistolae
1174 1897 1232 1930 lib.
1253 1906 1275 1929 Ι.

302 1952 399 1985 Obiit
417 1952 563 1986 Tolosae
582 1964 672 1986 anno
694 1961 854 1986 Mncxn.

580 2064 797 2097 JACOBUS
823 2064 1139 2098 CHEYNAEUS.
1192 2068 1274 2099 350.

253 2176 428 2208 JACOBUS
462 2174 677 2218 Cheyuaeus,
712 2176 818 2208 nobili
853 2175 985 2209 familia
1022 2177 1191 2222 Arnagia,
1226 2189 1332 2221 prope
1363 2177 1608 2212 Aberdoniam.

254 2232 434 2269 oriundus,
465 2231 609 2263 Parisiis
640 2232 757 2264 docuit
786 2232 822 2263 in
854 2231 1066 2272 Barbarano,
1096 2238 1195 2266 tanto
1224 2235 1393 2277 applausu
1421 2240 1460 2267 ut
1488 2235 1609 2266 unicus

255 2287 438 2320 haberetur
464 2287 523 2329 qui
556 2287 647 2320 inter
677 2287 844 2320 seculares
871 2288 1053 2328 societatis,
1080 2290 1236 2332 patribus
1269 2295 1342 2323 tum
1374 2291 1524 2323 maxime
1551 2290 1610 2322 flo-
