1861 2682
249 290 306 318 112¹
618 290 841 323 HISTORIA
866 291 1226 323 ECCLESIASTICA

247 383 281 413 di
300 381 466 424 scriptum
484 386 657 424 superstes
674 382 858 420 inveneris,
882 382 1035 426 ejusdem
1058 383 1257 425 depositarii
1274 382 1360 426 legis
1378 383 1597 415 severitatem

247 438 408 476 sentiant,
426 449 506 471 nam
524 438 560 471 in
578 449 617 471 eo
636 438 857 483 Pythagorae
874 438 1081 480 discipulum
1094 441 1128 470 te
1146 447 1219 469 esse
1236 438 1351 476 velim,
1371 443 1410 470 ut
1424 437 1598 470 existimes

246 494 337 534 ipsos
369 504 486 526 manes
516 494 661 527 istorum
697 495 905 528 seditionum
936 492 1148 526 {labellorum
1178 491 1419 536 μετεμψυχῶσει
1449 494 1597 535 quadam

246 550 280 580 in
299 560 417 581 eorum
435 560 578 593 corpora
594 549 770 588 transisse,
789 550 849 592 qui
867 559 985 582 eorum
1004 549 1058 581 vel
1074 548 1180 581 libros
1198 548 1359 586 retinent,
1385 549 1439 581 vel
1458 549 1598 593 dogma-

244 611 279 636 ta
297 604 496 644 defendunt,
514 616 600 648 quos
624 615 693 637 non
718 605 851 638 minore
873 604 1042 647 supplicio
1065 604 1261 646 plectendos
1284 615 1415 642 censeo,
1439 615 1542 647 quam
1568 606 1596 635 si

243 661 309 702 ipsi
328 666 483 693 auctores
496 661 570 704 jam
589 672 609 693 a
627 661 774 693 mortuis
792 664 905 693 essent
922 659 1147 692 resuscitati.”
1198 659 1389 703 Hucusque
1412 660 1485 703 ipse
1503 661 1596 704 prin-

244 727 333 758 ceps,
372 716 394 748 J
397 716 521 748 acobus
539 726 621 748 vero
639 715 834 753 Gretserus,
851 715 969 760 gravis
987 714 1168 748 Societatis
1185 714 1207 747 J
1210 726 1269 748 esu
1288 716 1479 760 theologus,
1496 716 1596 749 Com-

242 772 410 803 mentario
429 770 616 815 Exegetico
634 781 713 814 pag.
733 779 866 803 XXXII.
885 774 906 789 ‘⁶
924 770 1076 813 Optime,
1094 770 1293 809 rectissime,
1318 776 1352 804 et
1376 772 1594 804 meritissime

240 827 476 859 serenissimus
494 837 555 859 rex
572 827 620 859 sic
637 826 780 859 statuit:
806 826 894 859 nihil
911 825 1002 858 enim
1020 825 1075 858 his
1093 825 1227 858 duobus
1244 826 1281 858 in
1298 837 1394 870 reges
1413 827 1592 860 immodes-

241 884 309 914 tius
327 887 361 914 et
378 882 625 925 impudentius,
642 882 730 915 nihil
747 881 1004 915 calumniosius.
1045 880 1141 914 Haec
1157 881 1295 924 quidem
1314 893 1383 915 non
1401 882 1591 926 ingenium,

240 939 298 969 sed
316 948 512 980 perversam
530 938 631 971 fidem
649 937 839 981 attingunt,
858 937 1085 970 eruditionem
1102 947 1203 970 nemo
1221 938 1426 980 vituperat.”
1477 938 1595 981 Atque

240 993 318 1025 Itali
347 993 485 1035 quidem
516 993 770 1026 illiteratissimi
800 993 969 1025 literionis
998 992 1204 1031 criminatio,
1234 1003 1339 1035 quam
1365 993 1452 1026 falsa
1476 995 1533 1031 sit,
1560 999 1592 1025 et

239 1060 291 1080 res
318 1049 392 1090 ipsa
418 1048 553 1081 abunde
578 1049 744 1092 loquitur,
770 1053 804 1081 et
830 1053 882 1081 tot
906 1048 1086 1080 doctorum
1111 1058 1230 1081 versus
1252 1048 1396 1081 diluent.
1424 1048 1594 1093 Georgius

239 1103 416 1136 Fabricius
435 1103 691 1137 Chemnicensis
710 1104 752 1136 de
770 1103 823 1136 Re
841 1103 1002 1136 Poetica:
1031 1107 1051 1121 “
1070 1102 1279 1136 Psalterium
1303 1109 1483 1137 verterunt
1509 1105 1593 1137 Ger-

236 1160 328 1191 mani
358 1160 490 1202 aliquot
519 1160 584 1202 pie,
615 1159 707 1198 Itali,
738 1164 779 1192 ut
808 1159 929 1198 solent,
960 1159 1144 1203 eleganter,
1180 1159 1351 1202 imprimis
1388 1159 1592 1195 Flaminius,

237 1216 295 1246 sed
328 1226 419 1248 nunc
453 1216 608 1248 omnium
642 1215 850 1248 industriam
883 1214 968 1247 vicit
1001 1214 1247 1252 Buchananus,
1281 1214 1412 1252 Scottis,
1445 1216 1591 1248 varieta-

236 1276 269 1302 te
295 1271 555 1310 sententiarum,
581 1276 615 1304 et
640 1271 792 1314 puritate
817 1269 1015 1303 sermonis.'’
1064 1268 1138 1302 Nec
1163 1270 1278 1302 minus
1305 1270 1507 1303 honoratam
1539 1273 1590 1303 in-

238 1327 331 1369 genii
357 1327 448 1360 illius
474 1326 582 1360 fecere
608 1326 818 1359 mentionem
843 1324 1029 1363 Germani3
1057 1324 1092 1357 in
1116 1324 1170 1357 his
1195 1324 1465 1368 Christophorus
1490 1326 1590 1359 Mau-

236 1383 300 1414 lius
314 1393 321 1413 :

489 1477 566 1503 Dum
581 1475 725 1513 Jephthen
739 1476 843 1513 tragico
857 1475 1043 1503 Buchananus
1057 1480 1178 1512 syrmate
1193 1476 1285 1505 vestit,

525 1522 603 1549 Dum
619 1521 702 1549 Latia
718 1521 828 1549 Isaiden
842 1526 956 1558 tangere
969 1521 1076 1558 plectra
1089 1521 1179 1553 docet,

493 1566 570 1594 Dum
585 1567 667 1594 castis
680 1567 719 1594 sic
734 1567 822 1594 tincta
832 1566 902 1602 jocis
914 1567 1112 1604 epigrammata
1126 1566 1208 1598 ludit,

526 1611 568 1639 Ut
582 1617 689 1639 metuat
704 1612 811 1649 palmae
826 1612 938 1640 Bilbilis
950 1612 1010 1649 ipsa
1024 1621 1098 1643 suae,

489 1658 587 1685 Cernis
601 1663 633 1686 ut
648 1658 683 1685 ad
698 1658 792 1686 Scotos
806 1658 936 1695 migrent,
952 1657 1088 1685 Helicone
1101 1657 1207 1689 relicto,

530 1704 700 1740 Laurigerae
714 1705 786 1732 tanti
800 1704 873 1731 vatis
886 1712 977 1730 amore
992 1702 1090 1730 Deae?

493 1749 552 1776 Nec
565 1749 628 1776 vivo
641 1749 691 1777 hoc
706 1749 813 1777 reditus
827 1759 889 1787 spes
904 1754 960 1776 est:
983 1754 1078 1776 utrum
1092 1758 1156 1785 ergo
1170 1749 1277 1780 vocabo,

526 1794 626 1831 Langi,
643 1795 848 1827 Heliconiades,
863 1804 935 1823 anne
950 1793 1152 1822 Caledonides?

287 1884 333 1916 Et
355 1893 473 1916 rursus
492 1883 534 1915 ad
552 1882 606 1915 Jo.
626 1882 820 1927 Langium:

489 1952 550 1979 Illic
566 1952 713 1989 imperium
727 1952 784 1980 fore
794 1952 935 1988 jactavere
949 1951 1085 1985 Quirites,

525 1998 608 2025 Esset
621 1998 669 2025 ubi
684 1997 771 2028 sedes,
788 1997 880 2034 Scipio
892 2006 1000 2033 magne,
1015 2002 1071 2024 tua.

488 2042 549 2070 Illic
566 2042 698 2075 Pierides,
712 2042 770 2070 illic
783 2047 842 2070 erat
855 2042 928 2069 alma
940 2042 1039 2078 poesis,

532 2089 594 2116 Illic
610 2087 736 2115 Phoebus
750 2087 813 2119 erit,
827 2096 882 2124 qua
896 2087 1081 2115 Buchananus
1095 2088 1156 2115 erit.

285 2161 442 2194 Celebrat
462 2161 591 2194 Paulus
609 2159 772 2192 Melissus
789 2159 832 2192 ad
850 2158 982 2192 Cissam
997 2170 1005 2191 :

485 2229 570 2264 Quod
584 2229 644 2266 lyra
657 2228 735 2256 nulla
748 2228 809 2266 polo
822 2228 922 2265 fulget,
936 2238 1018 2265 quam
1034 2228 1155 2256 vindicet
1171 2228 1311 2266 Orpheus.

522 2275 604 2302 Hanc
618 2274 737 2312 spolium
751 2279 829 2302 vates
844 2274 942 2302 Scotus
956 2274 990 2301 ab
1004 2283 1055 2301 axe
1068 2273 1145 2301 tulit.

485 2321 516 2348 Si
531 2330 586 2357 qua
600 2326 694 2348 tamen
708 2329 828 2358 cygnum
843 2329 927 2357 prope
941 2319 1016 2347 lucet
1030 2320 1059 2346 in
1072 2319 1194 2351 aethere,
1209 2320 1296 2351 Cissa,

524 2366 646 2394 Davidis
656 2366 723 2394 haec
737 2366 841 2394 cithara
855 2371 906 2397 est,
921 2374 975 2393 non
989 2365 1049 2402 lyra
1065 2365 1196 2392 Threicii.
