1861 2682
207 299 248 328 86
578 298 806 330 HISTORIA
830 297 1196 330 ECCLESIASTICA

355 390 603 424 Commentarii
620 389 878 423 Sententiarum
1126 388 1185 421 lib.
1205 397 1256 421 Π.

353 446 581 484 Quaestiones
598 445 793 479 ordinariae
1124 444 1183 477 lib.
1204 452 1228 476 1.

355 501 583 540 Quaestiones
600 502 643 534 de
660 501 797 534 Formis
1128 499 1186 532 lib.
1208 508 1231 532 1.

351 557 522 591 Lecturae
539 556 768 590 Scholasticae
1125 554 1184 588 lib.
1205 562 1228 587 1.

353 613 465 657 Super
480 612 749 658 Astrologorum
767 611 1002 657 Prognosticis
1124 611 1183 644 lib.
1203 619 1227 643 1.

257 669 406 704 Vivebat
422 680 514 703 anno
532 676 706 702 Mcccxt„

593 834 616 867 J
619 834 820 868 OANNES
844 834 1052 868 BLARUS.
1106 836 1185 868 148.

207 948 229 981 J
233 956 267 980 ο.
286 947 459 986 BLARUS‚
477 946 587 981 nobili
604 945 738 980 familia
753 947 946 990 presbyter,
968 946 1102 980 Scotiae
1119 947 1162 980 ab
1179 945 1349 980 Eduardo
1365 946 1483 992 Anglo
1511 953 1566 992 ty-

206 1014 316 1037 ranno
333 1014 514 1048 oppressae
530 1003 704 1042 misertus‚
722 1003 888 1036 acerrimo
905 1003 981 1047 ejus
1000 1002 1128 1036 vindici
1146 1002 1319 1036 Gulielmo
1336 1002 1504 1036 Wallasio
1529 1014 1564 1036 se

202 1060 335 1104 junxit,
360 1059 460 1103 eique
485 1069 582 1092 sacra
607 1058 878 1098 administravit,
904 1058 1090 1103 cujuslibet
1119 1058 1280 1092 fortunae
1310 1069 1433 1097 comes,
1462 1063 1497 1092 et
1526 1063 1566 1092 ut

207 1116 257 1148 ita
281 1125 397 1158 preces
423 1115 588 1158 concepit,
613 1118 654 1147 ut
679 1114 800 1147 bellica
823 1114 976 1157 pericula
1000 1124 1071 1148 non
1095 1114 1245 1159 fugeret,
1270 1114 1320 1148 ita
1344 1114 1382 1147 in
1403 1115 1474 1147 acie
1492 1125 1565 1147 ver-

207 1170 360 1210 sabatur,
386 1175 426 1204 ut
450 1171 560 1204 bonae
585 1180 706 1203 causae
731 1169 825 1209 fisus,
852 1169 1031 1203 victoriam
1063 1171 1147 1204 adeo
1177 1181 1311 1214 semper
1340 1174 1564 1213 exspectaret.

206 1226 351 1270 Scripsit

349 1282 457 1316 Gesta
475 1282 627 1316 Guliemi
643 1281 777 1315 &Vallas
1125 1281 1184 1314 lib.
1204 1289 1228 1314 1.

348 1338 401 1371 De
418 1339 562 1372 liberata
579 1337 781 1382 Tyrannide
799 1335 913 1370 Scotia
1122 1336 1180 1370 lib.
1201 1345 1224 1369 Ι,

253 1394 388 1427 Claruit
405 1404 495 1427 anno
515 1402 632 1426 mccc.

735 1559 904 1594 BARDI.
957 1562 1036 1597 149.

205 1673 339 1706 BARm
364 1677 472 1712 vates,
494 1684 515 1706 a
532 1672 649 1706 Bardo
672 1672 908 1705 vetustissimo
932 1672 1110 1705 Celtarum
1133 1681 1224 1716 rege,
1247 1671 1346 1716 cujus
1369 1677 1445 1705 acta
1469 1674 1560 1715 apud

204 1729 419 1772 Stephanum
445 1728 683 1767 Forcatulum,
708 1727 879 1761 Joannem
905 1727 1091 1760 Picardum
1116 1726 1176 1760 lib.
1196 1735 1220 1760 1.
1247 1726 1497 1770 Celtopaediae,
1526 1734 1558 1761 et

206 1785 302 1823 alios,
328 1785 365 1817 in
390 1783 505 1817 Scotia
530 1783 653 1817 celebri
677 1784 882 1817 auctoritate
905 1783 966 1816 diu
990 1784 1200 1821 claruerunt,
1222 1782 1301 1816 licet
1331 1783 1463 1816 Gallica
1493 1785 1561 1816 ori-

205 1842 297 1886 gine,
316 1844 356 1874 ut
374 1851 416 1873 ex
434 1840 576 1874 Lucano
594 1839 795 1873 Pharsaliae
817 1840 876 1873 lib.
897 1848 921 1872 1.
946 1839 1078 1883 1iquet3
1105 1838 1314 1872 clarissimae
1337 1849 1418 1872 sane
1441 1840 1560 1872 etiam-

204 1907 288 1930 num
305 1896 407 1929 hodie
425 1907 464 1929 eo
482 1896 621 1929 nomine
639 1896 731 1939 apud
748 1900 919 1929 nostrates
936 1895 1099 1933 familiae,
1121 1899 1156 1927 et
1179 1894 1245 1927 viri
1269 1895 1424 1938 plerique
1447 1896 1559 1928 erudi-

204 1953 309 1985 tionis
327 1952 437 1996 gloria
453 1956 678 1995 praestantes.
731 1951 781 1983 Hi
798 1951 966 1994 poeticam
984 1950 1089 1993 primi
1106 1950 1317 1994 excogitasse
1335 1950 1558 1993 putabantur,

204 2012 238 2040 et
256 2008 292 2040 in
309 2007 460 2040 Scotiam
482 2007 675 2046 invexisse3
704 2006 888 2040 Fordunus
912 2010 962 2038 est
986 2010 1115 2044 auctor,
1138 2016 1201 2039 nec
1218 2006 1276 2039 alii
1295 2016 1363 2039 nou
1382 2006 1556 2040 dixerunt.

205 2063 424 2106 Scripserunt

347 2117 512 2152 Carmina
528 2117 625 2151 varia
1118 2117 1177 2151 lib.
1198 2126 1221 2150 1.

348 2173 505 2207 Heroum
523 2172 659 2206 Laudes
1116 2173 1174 2207 lib.
1196 2182 1219 2206 1.

347 2228 400 2262 De
417 2228 640 2262 Fortitudine
656 2228 778 2262 bellica
795 2228 934 2263 Patriae
954 2229 1101 2263 Caritati

395 2283 512 2318 debita
529 2284 721 2328 (Lucanus)
1121 2285 1178 2318 lib.
1200 2294 1223 2318 1.

255 2341 465 2375 Floruerunt
486 2351 593 2385 paene
610 2351 630 2373 a
651 2340 788 2374 condito
805 2351 921 2386 regno.
