1861 2682
263 253 304 281 82
634 250 859 282 HISTORIA
883 248 1245 281 ECCLESIASTICA

261 354 353 383 vero,
371 348 512 386 propter
529 353 627 375 suam
642 342 916 374 maledictionem
931 340 1036 372 variis
1051 340 1204 373 cladibus
1218 339 1382 377 addictos,
1400 339 1482 372 data
1494 350 1616 375 rursus

261 399 496 432 benedictione
525 397 673 430 absolvit
696 401 731 430 et
752 396 921 429 sanavit.'’
981 394 1066 428 Fuit
1088 394 1192 427 abbas
1218 395 1348 427 ordinis
1374 393 1410 428 S.
1436 394 1615 429 Benedicti

262 454 399 492 alicubi,
428 464 468 486 ac
496 453 619 486 deinde
649 452 839 496 episcopus,
868 455 909 484 ut
938 461 980 483 ex
1008 449 1144 483 Joanne
1173 449 1370 482 Trithemio
1398 451 1515 493 palam
1544 451 1619 485 Ioco

261 510 375 554 priore
392 509 545 542 laudato.
597 507 890 552 Martyrologium
908 506 1128 539 Romanum:
1154 509 1175 524 “
1194 504 1236 538 In
1255 504 1370 538 Scotia
1387 505 1421 539 S.
1440 506 1617 539 Brendani

261 565 426 598 abbatis.”
467 564 600 597 Eadem
620 564 745 597 Petrus
764 563 961 596 Galesinius
979 561 1022 594 ad
1039 561 1130 593 diem
1149 569 1233 593 XVI.
1252 560 1352 593 Maii.
1394 561 1528 595 Mentio
1542 562 1617 606 ejus

261 622 297 654 in
315 621 399 654 actis
417 620 452 653 S.
472 620 646 658 Maclovii,
665 630 752 662 quae
770 619 892 651 recitat
910 617 1120 650 Laurentius
1138 616 1261 650 Surius
1279 620 1362 650 tom.
1382 625 1434 650 VI.
1459 617 1503 650 ad
1525 617 1617 650 diem

263 686 328 710 XV.
347 676 536 709 Novembr.
556 675 681 708 Petrus
699 685 781 707 vero
799 674 903 706 abbas
920 674 993 706 loco
1010 673 1150 706 laudato
1168 673 1278 705 multa
1301 673 1498 717 apocrypha
1521 683 1618 706 accu-

259 734 380 771 mulat,
399 736 433 765 et
451 732 523 764 vita
540 731 614 775 ejus
632 741 713 763 sane
731 729 850 762 multis
872 729 1008 762 affaniis
1031 733 1066 762 et
1087 727 1214 761 fabulis
1236 728 1382 762 intrusis
1405 733 1456 762 est
1479 729 1616 767 referta,

261 793 300 821 ut
317 788 354 820 in
370 798 514 820 censura
531 797 594 819 sua
610 786 741 818 indicat
762 784 785 817 J
787 795 913 817 oannes
932 784 1106 817 Molanus.
1157 783 1375 817 creberrima
1397 785 1501 818 etiam
1524 795 1618 817 men-

262 844 311 876 tio
327 843 420 886 apud
445 842 480 875 S.
502 841 749 874 Adamannum
773 840 914 874 Scotum
937 840 996 873 lib.
1017 849 1075 873 111.
1100 840 1142 873 de
1165 838 1250 873 Vita
1273 838 1307 872 S.
1332 839 1520 873 Columbae
1543 850 1616 882 cap.

263 907 322 932 111.
340 907 407 931 XV.
427 903 460 931 et
478 906 564 930 XXI.
582 897 642 930 ubi
661 897 884 930 Brendenum
906 900 1103 929 constanter
1125 900 1234 928 vocat.
1258 895 1417 938 Denique
1443 900 1519 928 acta
1542 896 1617 939 ejus

262 954 362 987 MSS.
390 958 471 987 sunt
497 954 533 986 in
559 952 775 985 Bibliotheca
799 951 979 990 Vaticana,
1006 956 1046 984 ut
1071 951 1191 984 retulit
1216 950 1344 984 Caesar
1370 951 1542 984 Baronius
1573 951 1616 983 ad

262 1009 553 1054 Martyrologium
578 1008 633 1040 die
656 1016 739 1040 XVI.
765 1007 863 1046 Maii,
885 1018 954 1050 quo
978 1007 1053 1050 ejus
1070 1007 1273 1040 memoriam
1296 1007 1436 1040 ecclesia
1458 1007 1615 1040 celebrat.

263 1065 351 1109 Ejus
370 1070 452 1098 sunt
467 1074 475 1096 :

404 1121 458 1153 De
476 1120 678 1152 Fortunatis
699 1118 828 1152 Insulis
1179 1118 1239 1150 lib.
1260 1127 1284 1151 1.

404 1175 584 1218 Epistolae
602 1175 644 1207 ad
659 1176 841 1218 populares
1180 1174 1239 1206 lib.
1260 1182 1286 1206 1.

405 1230 459 1264 De
477 1231 630 1275 Legibus
649 1230 902 1263 Monachorum
1176 1229 1235 1262 lib.
1256 1237 1280 1261 1.
1323 1228 1471 1262 Arnold.
1501 1228 1618 1262 Uvion

454 1286 512 1319 lib.
533 1295 574 1318 11.
596 1286 701 1329 Ligni
718 1285 822 1318 Vitae
838 1296 918 1329 pag.
937 1292 1091 1317 cccclx.

406 1342 643 1374 Revelationis
661 1341 702 1372 de
720 1340 849 1372 futuris
867 1339 1097 1382 Temporibus
1175 1338 1234 1372 lib.
1254 1347 1278 1371 Ι.
1330 1339 1437 1372 Idem.

309 1398 432 1430 Clarus
450 1396 643 1429 habebatur
659 1406 749 1428 anno
769 1404 880 1427 DLXI.
899 1400 939 1428 ut
957 1395 1033 1427 vult
1049 1394 1219 1438 Sigebert.
1243 1396 1298 1428 vel
1320 1406 1411 1428 anno
1434 1403 1559 1427 DLXX.
1578 1400 1618 1428 ut

262 1453 378 1486 Trith.
398 1452 524 1490 visum,
542 1452 597 1484 vel
614 1462 705 1483 anno
723 1459 863 1483 DLXIV.
886 1456 927 1483 ut
943 1450 1045 1483 habet
1065 1450 1152 1483 Mat.
1171 1450 1422 1483 lVestmonast.
1447 1451 1483 1483 in
1507 1450 1618 1483 Flori-

264 1509 327 1541 bus
346 1507 535 1541 Historiar.
554 1507 609 1539 vel
625 1517 716 1540 anno
735 1514 875 1539 DXLIV.
895 1511 934 1539 ut
951 1510 1003 1539 est
1021 1506 1058 1538 in
1076 1505 1255 1539 Fasciculo
1273 1505 1496 1549 Temporum.

733 1602 770 1635 S.
796 1601 1018 1635 BRIGIDA.
1070 1603 1149 1634 144.

263 1677 298 1710 S.
318 1676 508 1714 BRIGIDA,
527 1675 599 1708 sive
618 1674 781 1719 Brigitta‚
804 1679 865 1706 aut
883 1673 1040 1717 Pyrgita,
1065 1677 1292 1718 cognomento
1317 1673 1520 1718 Laginensis
1544 1685 1615 1707 cor-

263 1737 364 1776 rupte
390 1742 452 1774 pro
476 1729 699 1768 Ladenensis,
725 1730 796 1762 filia
824 1729 977 1762 Dabothi
1003 1729 1179 1772 principis,
1211 1733 1250 1762 ut
1276 1730 1352 1762 vult
1378 1738 1416 1762 V.
1443 1738 1504 1762 CL.
1530 1729 1616 1762 Ant.

264 1788 404 1821 Possev.
423 1791 506 1819 tom.
527 1795 551 1819 Ι.
573 1786 705 1829 Appar.
725 1786 818 1818 Sacr.
841 1796 920 1829 pag.
945 1793 1065 1817 CCLII.
1093 1784 1193 1817 Hanc
1217 1784 1275 1816 alii
1297 1783 1447 1817 Dubtaci
1470 1785 1507 1817 in
1530 1786 1618 1818 ulte·

264 1844 355 1876 riore
379 1842 514 1875 Scotiae
540 1842 679 1886 regione
705 1841 822 1880 filiam,
848 1846 958 1874 matre
983 1841 1087 1873 etiam
1113 1840 1235 1872 ancilla
1261 1839 1439 1879 Brosecca,
1463 1840 1617 1880 faciunt3

264 1899 323 1932 sed
348 1909 472 1941 parum
498 1897 614 1936 refert,
640 1898 827 1930 dummodo
852 1907 926 1929 eam
952 1900 1055 1939 gente
1079 1895 1186 1927 fuisse
1216 1894 1353 1927 Scotam
1383 1899 1525 1929 constet.
1557 1895 1620 1928 Pe-

265 1959 340 1987 trus
364 1954 422 1986 lib.
446 1962 504 1986 111.
529 1953 688 1998 Catalogi
711 1963 784 1995 cap.
812 1960 925 1984 LXIX.
949 1950 1051 1983 Geor.
1076 1949 1264 1983 Garnefelt.
1289 1950 1362 1983 Vit.
1386 1949 1534 1984 Eremit.
1558 1962 1617 1994 pa-

265 2010 348 2054 gina
381 2017 550 2041 CCXXIII.
585 2008 620 2040 S.
650 2008 807 2051 Brigida,
842 2007 942 2051 virgo
972 2010 1006 2038 et
1035 2006 1194 2038 monialis
1224 2007 1261 2038 in
1291 2006 1472 2039 Scotorum
1501 2018 1619 2052 regno.

267 2064 399 2097 Anton.
418 2063 646 2096 Dauroultius
664 2073 737 2105 cap.
757 2071 816 2095 111.
834 2062 928 2094 Flor.
947 2061 1094 2104 Exemp.
1120 2062 1174 2094 tit.
1195 2064 1274 2100 122,
1301 2062 1320 2106 §
1342 2064 1374 2101 4,
1398 2072 1471 2106 par.
1497 2071 1521 2095 1.
1546 2074 1618 2106 cap.

269 2128 321 2151 VI.
334 2120 388 2152 tit.
402 2127 485 2151 XIV.
502 2118 521 2161 §
537 2126 606 2149 VII.
623 2122 642 2136 ‘⁵
657 2117 751 2150 Haec
762 2118 862 2162 virgo
873 2117 962 2149 inter
973 2117 1106 2150 Scotiae
1118 2118 1247 2160 puellas
1259 2118 1520 2160 pulcherrima.”
1546 2118 1618 2151 Tit.

270 2183 390 2208 XXIII.
407 2174 426 2217 §
442 2182 516 2206 XII.
536 2178 555 2192 ·‘
567 2173 601 2206 S.
616 2173 772 2216 Brigida‚
787 2173 886 2217 virgo
900 2184 917 2205 e
932 2173 1075 2205 Scotia.”
1102 2172 1280 2206 Gibbonus
1294 2174 1331 2206 in
1344 2172 1514 2216 Epistola.
1530 2173 1621 2206 Pau-

270 2231 323 2263 lus
342 2229 500 2274 Morigea
516 2229 574 2261 lib.
591 2237 642 2261 IV.
661 2227 737 2261 Vir.
752 2228 876 2261 illustr.
892 2239 964 2271 cap.
980 2236 1090 2261 LXVI.
1110 2232 1130 2246 ‘⁶
1148 2228 1372 2261 Sanctissima
1389 2229 1488 2272 virgo
1505 2228 1620 2273 Brigi-

269 2286 324 2325 da,
341 2296 383 2318 eX
395 2285 573 2328 provincia
586 2283 730 2317 Scotia.”
763 2283 852 2316 Vide
866 2284 956 2316 infra
969 2283 1024 2316 hic
1034 2284 1071 2316 in
1085 2284 1151 2316 alia
1163 2282 1197 2316 S.
1212 2281 1384 2327 Brigida.
1415 2283 1438 2315 J
1440 2294 1470 2316 0.
1483 2282 1619 2316 Leslae-

272 2352 313 2375 us
330 2341 389 2374 lib.
409 2349 460 2373 IV.
480 2339 574 2374 Hist.
593 2339 684 2373 Scot.
702 2350 780 2384 pag.
799 2347 937 2372 CXLIX.
955 2338 1114 2372 Andreas
1133 2339 1352 2382 Tiraquellus
1371 2337 1502 2377 Gallus,
1522 2348 1618 2371 sena-
