1861 2682
603 246 774 278 GENTIS
798 245 1068 281 SCOTORUM,
1093 245 1180 276 LIB.
1203 245 1266 275 III.
1547 246 1608 277 17ss

252 341 443 374 nasterium
477 339 747 383 Tunghndiam,
784 350 805 371 a
838 342 935 381 patre
969 349 1031 370 suo
1065 348 1134 370 non
1168 338 1217 370 ita
1246 337 1379 380 pridem
1410 336 1606 374 fundatum,

251 397 393 435 abdidit,
423 396 602 440 religiosae
632 395 758 438 quietis
788 395 945 437 cupidus,
976 394 1036 426 ubi
1067 393 1330 426 Cisterciensem
1365 393 1524 426 habitum
1556 403 1607 424 as—

251 453 410 495 sumpsit,
430 458 463 485 et
482 452 738 484 sanctissimum
757 451 792 483 in
810 462 849 483 eo
867 450 969 483 finem
993 455 1044 482 est
1068 454 1283 482 consecutus.
1335 449 1471 482 Delirat
1495 449 1608 481 erudi-

250 508 354 540 tionis
372 509 484 540 omnis
503 507 720 549 antiquariae
738 506 924 539 rudissima
942 506 1054 539 bellua
1078 504 1231 538 Joannes
1256 506 1416 538 Pitsaeus
1441 515 1519 537 cum
1543 514 1606 535 suo

251 562 413 601 Lelando,
442 574 544 606 quem
574 573 752 604 nunquam
783 562 880 600 vidit,
911 567 971 595 aut
1002 563 1117 594 verius
1148 572 1226 594 cum
1252 561 1381 594 Balaeo
1408 560 1608 603 improbita-

250 618 294 650 tis
329 619 441 651 omnis
476 618 674 656 architecto,
705 619 804 662 cujus
838 617 1012 651 foeditatis
1043 622 1181 650 tantum
1211 622 1369 651 ramenta
1398 617 1541 660 colligit,
1576 620 1608 647 et

248 673 342 706 hune
371 679 531 706 nostrum
562 673 719 717 Anglum
751 673 845 712 facit,
880 679 914 707 et
943 675 980 707 in
1012 673 1175 706 Buriensi
1210 674 1372 706 coenobio
1406 672 1608 706 defunctum

251 730 337 768 vult,
374 740 451 762 cum
486 730 631 762 historia
671 730 837 761 comitum
876 730 1109 763 Galweiorum
1147 734 1264 772 aperte
1302 741 1342 762 ea
1380 740 1468 773 quae
1509 728 1607 770 posui

249 784 437 824 confirmet,
468 790 607 818 auctore
641 784 756 817 Alano
787 784 995 824 Turonensi,
1026 787 1124 830 cujus
1154 785 1351 830 fragmenta
1380 785 1517 818 erudita
1550 786 1609 818 ha-

250 840 312 873 beo
330 852 372 873 ex
390 852 473 874 cura
490 841 656 873 Richardi
676 840 799 872 Bruni.
852 840 918 873 Sed
936 846 1010 874 tota
1028 842 1160 884 ineptia
1177 847 1229 874 est
1248 842 1394 874 Bostoni
1414 842 1607 880 Buriensis,

252 907 356 929 suum
384 897 608 939 professionis
634 897 748 928 locum
775 896 958 930 nobilitare
983 898 1165 940 cupientis.
1218 897 1363 940 Scripsit
1389 908 1471 931 vero
1497 897 1609 931 Cadu-

251 962 356 985 canus

395 1008 579 1051 Speculum
598 1007 879 1041 Christianorum
1168 1009 1227 1041 lib.
1248 1018 1271 1041 Ι.

394 1063 631 1096 Homiliarum
1168 1065 1228 1098 lib.
1249 1074 1272 1097 1.

296 1119 446 1152 Vivebat
464 1130 555 1152 anno
574 1128 757 1152 MCCXXV.
809 1119 946 1153 Colitur
964 1129 1033 1153 xx.
1052 1120 1075 1152 J
1077 1131 1196 1154 anuar.

739 1230 985 1263 CLEMENS.
1038 1233 1119 1267 307.

254 1342 394 1374 PAULO
414 1345 493 1373 ante
518 1340 642 1373 horum
669 1345 826 1383 tempora
851 1340 1010 1373 Clemens
1037 1341 1125 1373 alius
1151 1342 1281 1386 insigni
1306 1343 1444 1376 nomine
1469 1348 1609 1388 gentem

253 1408 351 1430 suam
380 1396 616 1435 dedecorabat,
649 1397 709 1440 qui
741 1407 781 1429 ea
812 1407 969 1441 egressus
1002 1397 1171 1429 bonarum
1203 1398 1332 1430 artium
1359 1409 1441 1443 ergo
1467 1400 1503 1431 in
1530 1399 1611 1432 Gal-

249 1454 311 1486 lias
346 1452 493 1496 trajecit,
528 1453 676 1495 indeque
710 1453 747 1485 in
782 1453 995 1495 superiorem
1030 1451 1253 1486 Germaniam
1283 1465 1499 1499 progressus,
1535 1467 1612 1500 gra-

249 1519 328 1542 vem
359 1518 438 1541 cum
468 1507 651 1540 Bonifacio
681 1508 755 1541 cive
785 1519 859 1547 suo,
894 1508 1101 1554 Moguntiae
1136 1509 1402 1554 archiepiscopo,
1437 1517 1612 1545 concerta-

249 1565 380 1598 tionem
415 1564 577 1606 suscepit.
629 1563 830 1608 Cognomen
868 1565 932 1597 hoc
966 1566 995 1598 ei
1034 1565 1142 1598 fuisse
1182 1572 1335 1609 apparet,
1376 1578 1457 1600 nam
1491 1579 1612 1600 revera

248 1620 415 1652 Claudius
450 1620 556 1652 etiam
599 1620 630 1652 ei
673 1631 810 1659 nomen,
852 1632 955 1664 quem
996 1621 1175 1654 haereseos
1209 1623 1351 1656 damnat
1386 1623 1610 1656 Sebastianus

248 1674 401 1708 Medices
437 1675 474 1707 in
502 1675 647 1708 Summa
675 1677 831 1709 omnium
858 1676 1066 1710 Haeresium
1091 1678 1128 1710 in
1154 1678 1258 1711 verbo
1284 1676 1486 1723 hcwtl'smus,
1512 1684 1546 1712 et
1574 1680 1609 1712 in

249 1732 354 1765 verbo
379 1730 501 1764 oratio.
564 1731 713 1765 Balaeus
742 1734 819 1765 vult
849 1733 947 1765 illum
978 1734 1014 1765 in
1042 1733 1210 1778 Catalogo
1242 1734 1507 1768 Haereticorum
1533 1747 1611 1768 cen—

247 1788 315 1820 seri
341 1798 361 1820 a
384 1787 565 1820 Bernardo
589 1787 857 1832 Lutzenburg03
885 1790 945 1821 sed
970 1789 1066 1822 abest
1092 1800 1112 1821 a
1137 1790 1251 1822 codice
1276 1801 1363 1829 meo,
1389 1792 1449 1834 qui
1477 1792 1607 1834 prodiit

250 1843 394 1876 Parisiis
428 1844 520 1885 apud
553 1843 724 1876 Joannem
760 1844 914 1877 Parvum
948 1845 1013 1878 sub
1046 1846 1146 1890 signo
1180 1845 1264 1878 Lilii
1298 1858 1389 1880 anuo
1426 1856 1604 1880 MDXXIV.

247 1903 288 1931 ut
321 1899 475 1940 suspicer
506 1904 627 1942 postea
660 1900 829 1932 insertum
860 1913 879 1933 a
909 1901 1078 1933 malevolo
1112 1902 1276 1944 quopiam
1309 1903 1440 1947 gloriae
1473 1907 1606 1936 nostra-

249 1954 338 1986 tium
362 1954 492 1986 invido.
545 1954 639 1987 Eum
657 1955 695 1987 in
719 1961 896 1989 senectute
919 1957 1105 1999 resipuisse
1128 1958 1204 1989 vult
1229 1957 1502 2001 Christophorus
1521 1959 1607 1992 Bro-

248 2020 362 2042 werus
388 2009 425 2041 in
450 2011 699 2044 monasterium
725 2011 911 2051 intrusum,
938 2013 981 2045 ad
1008 2012 1174 2045 Poemata
1197 2013 1333 2046 Rabani
1359 2025 1438 2059 pag.
1464 2024 1605 2048 CXVIII.

250 2064 302 2097 De
321 2076 361 2097 eo
379 2065 604 2109 intelligenda
622 2071 704 2099 sunt
722 2078 762 2099 ea
779 2078 821 2099 ex
839 2067 914 2100 MS.
933 2068 1046 2101 codice
1067 2069 1104 2101 in
1123 2069 1241 2101 Indice
1258 2068 1438 2103 Abbatum
1457 2071 1608 2103 Fulden-

249 2129 347 2153 sum:
377 2125 398 2138 “
416 2120 600 2153 Rabanum
619 2126 654 2153 et
678 2121 868 2155 Hattonem
893 2123 1080 2157 Thuronos
1103 2125 1232 2158 direxit
1255 2126 1298 2158 ad
1322 2125 1517 2159 Albuinum
1539 2138 1609 2160 ma-

249 2176 411 2220 gistrum,
447 2176 561 2219 gratia
594 2176 751 2209 liberales
782 2177 933 2211 discendi
967 2185 1069 2219 artes,
1104 2181 1307 2214 Brunonem
1338 2187 1372 2215 et
1402 2182 1608 2221 Emanium,

250 2232 426 2264 variarum
452 2232 580 2264 artium
612 2232 786 2265 doctorem
817 2234 1078 2275 peritissimum,
1109 2236 1309 2269 Modestum
1340 2243 1374 2271 et
1401 2237 1607 2276 Candidum,

250 2297 328 2319 cum
353 2287 440 2326 aliis,
465 2287 509 2320 ad
527 2286 738 2321 Clementem
762 2288 914 2329 Scotum,
935 2292 1181 2334 grammaticae
1205 2293 1366 2326 studendi
1384 2293 1521 2337 gratia:
1550 2295 1608 2327 sed
