1861 2682
264 249 305 278 80
631 249 854 282 HISTORIA
878 250 1238 282 ECCLESIASTICA

265 344 373 383 parte,
409 351 497 384 quae
526 341 700 374 Silvestris
726 346 761 374 et
786 340 975 374 Hibernica
999 341 1128 374 dicitur
1155 340 1367 374 nostratibus
1399 346 1433 374 et
1462 344 1613 386 peregri-

265 396 330 434 nis,
356 402 396 430 ut
421 397 547 429 diserte
569 396 732 429 Molanus
757 396 942 429 Natalibus
959 395 1019 428 SS.
1045 395 1278 440 Belgicorum,
1304 400 1339 428 et
1365 396 1514 428 alterum
1538 407 1612 430 eru-

267 451 407 484 ditionis
433 451 678 484 ecclesiasticae
702 452 819 485 lumen
843 450 1022 484 Aubertus
1048 450 1214 488 Miraeus,
1240 461 1283 483 ex
1308 449 1487 494 Sigeberto
1512 450 1615 484 Gem-

267 506 415 539 blacensi
450 512 484 539 et
513 507 600 546 aliis,
632 512 673 540 ut
703 517 888 540 consensus
918 506 1138 540 nostratium.
1200 505 1270 538 Ubi
1300 516 1382 539 vero
1411 505 1467 539 hic
1499 506 1614 551 Belgii

265 562 451 604 apostolus,
477 567 512 595 et
536 562 669 596 Scotiae
695 566 946 601 ornamentum,
972 566 1033 594 aut
1059 561 1262 605 migraverit
1286 571 1329 594 ex
1354 561 1418 594 hac
1444 561 1527 600 vita,
1553 566 1612 594 aut

264 627 378 650 sacrae
403 622 624 651 asserventur
647 618 822 662 reliquiae,
847 628 910 660 pro
935 617 1147 659 incomperto
1171 616 1264 659 apud
1286 626 1364 654 me;
1391 627 1452 649 nec
1470 627 1613 659 operum

264 673 386 705 titulos
404 673 533 705 inveni.

312 727 412 761 Exiit
429 740 446 761 e
463 728 577 761 Scotia
594 739 685 762 anno
702 737 808 761 DCLI.
836 727 971 761 Colitur
988 735 1058 760 vn.
1078 727 1256 761 Decembr.
1283 727 1496 771 Episcopum
1514 733 1611 761 vocat

264 783 346 816 Vita
363 783 398 816 S.
418 783 589 817 Mombuli
607 783 710 823 Scoti,
728 784 789 828 qui
807 784 881 829 ejus
899 784 1038 828 collega.

669 895 703 928 S.
729 894 1078 929 BURCHARDUS.
1132 898 1211 929 141.

261 1011 295 1041 S.
326 1010 611 1049 BURCHARDUS,
645 1009 709 1043 etsi
744 1009 787 1043 ab
821 1009 980 1043 omnibus
1009 1008 1147 1053 Anglus
1178 1007 1357 1048 habeatur,
1389 1013 1505 1042 tamen
1534 1009 1613 1042 Sco-

262 1070 337 1097 tum
362 1065 444 1098 facit
474 1065 522 1097 W
523 1064 706 1109 olfgangus
736 1064 865 1098 Lazius
896 1065 1041 1108 epistola
1068 1063 1278 1107 praefatoria
1308 1064 1351 1096 ad
1381 1074 1467 1107 opus
1484 1064 1526 1097 de
1543 1064 1612 1096 Mi-

260 1125 350 1163 grat.
370 1120 472 1153 Gent.
523 1125 543 1139 ‘⁵
561 1120 604 1153 In
626 1119 831 1153 Germaniae
855 1119 1029 1152 inferioris
1054 1119 1191 1162 populis
1216 1120 1468 1158 convertendis,
1494 1120 1610 1152 beatos

260 1175 440 1208 Kilianum
467 1186 506 1209 ac
526 1175 769 1209 Burchardum
788 1175 906 1208 Scotos
923 1174 1137 1218 praestitisse
1154 1174 1320 1208 constat.’'
1370 1174 1460 1208 Vide
1484 1176 1606 1208 locum.

259 1231 295 1263 S.
323 1230 495 1264 Bonifacii
521 1231 819 1274 comprovincialis
845 1231 972 1264 dicitur
997 1230 1201 1263 Hermanno
1230 1229 1430 1269 Contracto,
1464 1229 1609 1263 Chroni-

259 1297 297 1319 co
323 1287 366 1318 ad
392 1297 521 1320 annum
548 1295 737 1319 DCCXLVI.
789 1286 857 1318 Hic
882 1297 902 1318 a
927 1285 1053 1318 Sancto
1079 1284 1230 1323 Kiliano,
1257 1296 1335 1318 cum
1360 1296 1429 1328 quo
1446 1297 1464 1318 e
1482 1285 1606 1323 Scotia.

259 1347 297 1375 ut
328 1347 480 1385 apparet,
510 1342 547 1374 in
577 1341 806 1374 Franconiam
836 1345 988 1380 venerat,
1013 1340 1166 1374 civitatis
1194 1339 1454 1383 Herbipolensis
1480 1341 1608 1383 episco-

258 1408 322 1441 pus
348 1398 568 1430 renunciatus
594 1397 775 1435 secundus,
801 1407 876 1429 eam
901 1396 1109 1434 cathedram,
1135 1395 1190 1428 vel
1214 1396 1358 1439 primus,
1389 1401 1429 1429 ut
1455 1396 1530 1429 aliis
1558 1396 1609 1428 vi-

257 1464 345 1492 sum,
365 1453 487 1486 tenuit.
524 1452 614 1485 Vide
627 1452 685 1485 lib.
701 1461 739 1484 x.
753 1452 817 1484 hoc
834 1462 934 1495 opere
947 1452 984 1484 in
998 1449 1157 1484 Kiliano.
1192 1451 1300 1485 Errat
1313 1451 1335 1484 J
1338 1462 1413 1484 oan.
1428 1451 1603 1489 Molanus,

256 1509 316 1551 qui
334 1520 355 1541 a
371 1507 406 1541 S.
425 1507 606 1541 Bonifacio
623 1508 820 1541 ordinatum
838 1508 924 1541 vult.
974 1507 1093 1540 Vitam
1111 1508 1186 1551 ejus
1204 1507 1341 1550 scripsit
1363 1506 1604 1551 Egilnuardus

256 1564 444 1597 monachus
462 1563 496 1596 S.
516 1563 672 1596 Kiliani:
698 1563 798 1596 affert
815 1562 937 1596 Surius
963 1567 1046 1596 torn.
1066 1571 1100 1595 V.
1123 1562 1316 1595 Videantur
1334 1561 1450 1595 Trith.
1469 1563 1510 1595 de
1531 1562 1606 1595 Vir.

257 1621 362 1653 illust.
382 1619 465 1652 Ord.
485 1618 519 1652 S.
540 1619 669 1652 Bened.
688 1619 746 1652 lib.
767 1627 826 1652 111.
845 1610 916 1662 cap.
935 1626 1130 1651 chxva
1154 1618 1211 1651 lib.
1236 1626 1288 1651 IV.
1313 1628 1384 1661 cap.
1408 1626 1604 1651 eLxxxiv.

257 1680 290 1708 et
316 1676 351 1707 in
378 1674 548 1708 Chronico
575 1674 741 1719 Hirsaug.
769 1674 861 1707 Petr.
888 1674 1060 1717 Cratepol.
1086 1673 1128 1706 de
1153 1672 1270 1717 Episc.
1301 1673 1462 1706 German.
1490 1673 1606 1707 Belfo-

256 1736 367 1764 restus
394 1732 429 1763 in
455 1730 702 1775 Cosmograph.
728 1729 813 1763 Ant.
840 1729 1071 1763 Demochares
1101 1734 1185 1763 tom.
1212 1737 1254 1762 11.
1280 1729 1321 1761 de
1351 1728 1472 1761 Sacrif.
1504 1728 1604 1762 Miss.

256 1798 326 1830 cap.
355 1795 450 1819 xxv.
481 1791 516 1819 et
545 1797 662 1819 omnes
694 1784 1027 1830 Martyrologiorum
1058 1785 1297 1828 compilatores
1327 1784 1368 1817 ad
1398 1784 1489 1816 diem
1520 1792 1603 1816 XIV.

255 1842 424 1875 Octobris.
468 1840 612 1884 Scripsit
630 1840 790 1884 plurima,
808 1851 896 1883 quae
914 1841 1017 1873 simul
1034 1851 1113 1873 cum
1131 1840 1284 1883 apicibus
1298 1839 1496 1882 perierunt3
1523 1850 1604 1873 nam

254 1909 330 1930 cum
365 1898 481 1930 relicto
515 1897 714 1940 episcopatu
747 1895 784 1928 in
813 1896 1060 1929 monasterium
1090 1894 1314 1939 Hohemberg
1343 1906 1379 1928 se
1408 1894 1601 1937 recepisset,

253 1953 343 1995 quod
367 1954 439 1996 ipse
465 1955 714 1989 construxerat,
740 1950 846 1983 libros
871 1961 950 1983 suos
975 1956 1009 1983 et
1034 1961 1137 1993 opera
1161 1951 1277 1983 omnia
1301 1960 1415 1983 secum
1442 1961 1482 1983 eo
1507 1950 1603 1984 detu-

254 2009 305 2046 lit,
323 2014 356 2040 et
375 2008 474 2041 fratri
491 2018 554 2041 suo
571 2006 717 2051 Siguino
742 2005 1005 2039 commendavit.
1056 2005 1167 2039 Extat
1192 2010 1344 2044 tantum,
1369 2016 1446 2038 cum
1474 2006 1601 2049 episco-

255 2068 374 2105 patum
393 2063 593 2107 resignaret,

397 2118 518 2151 Oratio
535 2118 577 2150 de
595 2115 834 2150 substituendo
852 2116 1063 2156 Successore,
1081 2117 1215 2160 prolixa
1232 2122 1267 2151 et
1285 2118 1433 2162 elegans.
1491 2117 1498 2125 “

302 2174 494 2216 Episcopus
527 2177 660 2205 creatus
694 2181 784 2204 anno
818 2180 948 2205 Decm.
1011 2172 1099 2206 Vide
1130 2173 1237 2207 vitam
1269 2173 1385 2206 Sancti
1417 2171 1599 2205 Bonifacii.

254 2229 350 2262 Obiit
367 2229 421 2262 die
440 2237 480 2262 11.
501 2227 679 2262 Februarii
697 2236 787 2260 anno
806 2235 962 2262 Dcexel.
