<?xml version="1.0" encoding="UTF-8"?>
<!DOCTYPE html PUBLIC "-//W3C//DTD XHTML 1.0 Transitional//EN"
    "http://www.w3.org/TR/xhtml1/DTD/xhtml1-transitional.dtd">
<html xmlns="http://www.w3.org/1999/xhtml" xml:lang="en" lang="en">
 <head>
  <title>
</title>
<meta http-equiv="Content-Type" content="text/html;charset=utf-8" />
  <meta name='ocr-system' content='tesseract 3.04.00' />
  <meta name='ocr-capabilities' content='ocr_page ocr_carea ocr_par ocr_line ocrx_word'/>
</head>
<body>
  <div class='ocr_page' id='page_1' title='image "./thomaedempsterih00bann_0338.png"; bbox 0 0 1861 2682; ppageno 0'>
   <div class='ocr_carea' id='block_1_1' title="bbox 329 238 1315 271">
    <p class='ocr_par' dir='ltr' id='par_1_1' title="bbox 329 238 1315 271">
     <span class='ocr_line' id='line_1_1' title="bbox 329 238 1315 271; baseline -0.003 0"><span class='ocrx_word' id='word_1_1' title='bbox 329 240 392 271; x_wconf 71' lang='lat'>266</span> <span class='ocrx_word' id='word_1_2' title='bbox 703 239 928 271; x_wconf 87' lang='lat' dir='ltr'>HISTORIA</span> <span class='ocrx_word' id='word_1_3' title='bbox 952 238 1315 269; x_wconf 89' lang='lat' dir='ltr'>ECCLESIASTICA</span> 
     </span>
    </p>
   </div>
   <div class='ocr_carea' id='block_1_2' title="bbox 331 327 1688 649">
    <p class='ocr_par' dir='ltr' id='par_1_2' title="bbox 331 327 1688 649">
     <span class='ocr_line' id='line_1_2' title="bbox 331 327 1686 372; baseline -0.002 -8"><span class='ocrx_word' id='word_1_4' title='bbox 331 344 406 366; x_wconf 84' lang='lat' dir='ltr'>sore</span> <span class='ocrx_word' id='word_1_5' title='bbox 432 332 573 365; x_wconf 85' lang='lat' dir='ltr'>Failbeo</span> <span class='ocrx_word' id='word_1_6' title='bbox 599 331 766 364; x_wconf 87' lang='lat' dir='ltr'>intentius</span> <span class='ocrx_word' id='word_1_7' title='bbox 793 331 964 368; x_wconf 85' lang='lat' dir='ltr'><strong>audiente,</strong></span> <span class='ocrx_word' id='word_1_8' title='bbox 989 329 1050 372; x_wconf 90' lang='lat' dir='ltr'>qui</span> <span class='ocrx_word' id='word_1_9' title='bbox 1077 334 1111 361; x_wconf 92' lang='lat' dir='ltr'>et</span> <span class='ocrx_word' id='word_1_10' title='bbox 1136 329 1209 372; x_wconf 88' lang='lat' dir='ltr'>ipse</span> <span class='ocrx_word' id='word_1_11' title='bbox 1234 340 1312 361; x_wconf 89' lang='lat' dir='ltr'>cum</span> <span class='ocrx_word' id='word_1_12' title='bbox 1348 327 1496 372; x_wconf 86' lang='lat' dir='ltr'>Segenio</span> <span class='ocrx_word' id='word_1_13' title='bbox 1525 338 1686 370; x_wconf 82' lang='lat' dir='ltr'>praesens</span> 
     </span>
     <span class='ocr_line' id='line_1_3' title="bbox 331 383 1684 432; baseline -0.004 -11"><span class='ocrx_word' id='word_1_14' title='bbox 331 389 454 426; x_wconf 87' lang='lat' dir='ltr'>inerat,</span> <span class='ocrx_word' id='word_1_15' title='bbox 472 388 571 432; x_wconf 89' lang='lat' dir='ltr'>cujus</span> <span class='ocrx_word' id='word_1_16' title='bbox 588 387 754 419; x_wconf 85' lang='lat' dir='ltr'>relatione</span> <span class='ocrx_word' id='word_1_17' title='bbox 774 390 808 418; x_wconf 88' lang='lat' dir='ltr'>et</span> <span class='ocrx_word' id='word_1_18' title='bbox 826 396 889 428; x_wconf 84' lang='lat' dir='ltr'>ego</span> <span class='ocrx_word' id='word_1_19' title='bbox 907 385 979 427; x_wconf 87' lang='lat' dir='ltr'>ipse</span> <span class='ocrx_word' id='word_1_20' title='bbox 996 384 1141 428; x_wconf 87' lang='lat' dir='ltr'><strong>cognovi</strong></span> <span class='ocrx_word' id='word_1_21' title='bbox 1159 384 1243 417; x_wconf 90' lang='lat' dir='ltr'>haec</span> <span class='ocrx_word' id='word_1_22' title='bbox 1266 384 1384 416; x_wconf 89' lang='lat' dir='ltr'>eadem</span> <span class='ocrx_word' id='word_1_23' title='bbox 1402 394 1490 427; x_wconf 85' lang='lat' dir='ltr'>quae</span> <span class='ocrx_word' id='word_1_24' title='bbox 1513 383 1684 416; x_wconf 87' lang='lat' dir='ltr'>narravi.&#39;&#39;</span> 
     </span>
     <span class='ocr_line' id='line_1_4' title="bbox 331 440 1082 487; baseline -0.008 -10"><span class='ocrx_word' id='word_1_25' title='bbox 331 443 404 476; x_wconf 91' lang='lat' dir='ltr'>Nec</span> <span class='ocrx_word' id='word_1_26' title='bbox 421 445 521 487; x_wconf 87' lang='lat' dir='ltr'>plura</span> <span class='ocrx_word' id='word_1_27' title='bbox 539 442 631 485; x_wconf 90' lang='lat' dir='ltr'>apud</span> <span class='ocrx_word' id='word_1_28' title='bbox 649 442 756 474; x_wconf 86' lang='lat' dir='ltr'>alium</span> <span class='ocrx_word' id='word_1_29' title='bbox 774 442 815 473; x_wconf 90' lang='lat' dir='ltr'>de</span> <span class='ocrx_word' id='word_1_30' title='bbox 833 452 884 474; x_wconf 87' lang='lat' dir='ltr'>eo.</span> <span class='ocrx_word' id='word_1_31' title='bbox 936 440 1082 483; x_wconf 86' lang='lat' dir='ltr'>Scripsit</span> 
     </span>
     <span class='ocr_line' id='line_1_5' title="bbox 474 494 1347 531; baseline -0.005 0"><span class='ocrx_word' id='word_1_32' title='bbox 474 498 565 531; x_wconf 82' lang='lat' dir='ltr'>Acta</span> <span class='ocrx_word' id='word_1_33' title='bbox 583 498 617 530; x_wconf 88' lang='lat' dir='ltr'>S.</span> <span class='ocrx_word' id='word_1_34' title='bbox 637 496 825 530; x_wconf 85' lang='lat' dir='ltr'>Columbae</span> <span class='ocrx_word' id='word_1_35' title='bbox 1243 494 1302 527; x_wconf 90' lang='lat' dir='ltr'>lib.</span> <span class='ocrx_word' id='word_1_36' title='bbox 1324 503 1347 527; x_wconf 91' lang='lat'>1.</span> 
     </span>
     <span class='ocr_line' id='line_1_6' title="bbox 381 550 1688 594; baseline -0.002 -7"><span class='ocrx_word' id='word_1_37' title='bbox 381 555 518 587; x_wconf 88' lang='lat' dir='ltr'>Floruit</span> <span class='ocrx_word' id='word_1_38' title='bbox 536 564 627 586; x_wconf 88' lang='lat' dir='ltr'>anno</span> <span class='ocrx_word' id='word_1_39' title='bbox 645 554 746 585; x_wconf 85' lang='lat' dir='ltr'>salut.</span> <span class='ocrx_word' id='word_1_40' title='bbox 766 560 924 585; x_wconf 70' lang='lat' dir='ltr'>Dvan.</span> <span class='ocrx_word' id='word_1_41' title='bbox 972 551 1108 583; x_wconf 84' lang='lat' dir='ltr'>Colitur</span> <span class='ocrx_word' id='word_1_42' title='bbox 1124 550 1179 583; x_wconf 91' lang='lat' dir='ltr'>die</span> <span class='ocrx_word' id='word_1_43' title='bbox 1197 559 1264 583; x_wconf 83' lang='lat' dir='ltr'>XV.</span> <span class='ocrx_word' id='word_1_44' title='bbox 1284 550 1450 585; x_wconf 87' lang='lat' dir='ltr'>Februar.</span> <span class='ocrx_word' id='word_1_45' title='bbox 1507 550 1688 594; x_wconf 85' lang='lat' dir='ltr'>Reliquiae</span> 
     </span>
     <span class='ocr_line' id='line_1_7' title="bbox 332 606 1428 649; baseline -0.005 -6"><span class='ocrx_word' id='word_1_46' title='bbox 332 610 530 643; x_wconf 80' lang='lat' dir='ltr'>colebantur</span> <span class='ocrx_word' id='word_1_47' title='bbox 547 610 584 641; x_wconf 91' lang='lat' dir='ltr'>in</span> <span class='ocrx_word' id='word_1_48' title='bbox 602 607 857 641; x_wconf 87' lang='lat' dir='ltr'>Sutherlandia.</span> <span class='ocrx_word' id='word_1_49' title='bbox 908 606 1074 639; x_wconf 86' lang='lat' dir='ltr'>Scotichr.</span> <span class='ocrx_word' id='word_1_50' title='bbox 1095 606 1153 639; x_wconf 92' lang='lat' dir='ltr'>lib.</span> <span class='ocrx_word' id='word_1_51' title='bbox 1174 615 1231 639; x_wconf 92' lang='lat'>111.</span> <span class='ocrx_word' id='word_1_52' title='bbox 1250 617 1324 649; x_wconf 86' lang='lat' dir='ltr'>cap.</span> <span class='ocrx_word' id='word_1_53' title='bbox 1344 615 1428 639; x_wconf 78' lang='lat' dir='ltr'><strong>xlv.</strong></span> 
     </span>
    </p>
   </div>
   <div class='ocr_carea' id='block_1_3' title="bbox 834 718 1178 755">
    <p class='ocr_par' dir='ltr' id='par_1_3' title="bbox 834 718 1178 755">
     <span class='ocr_line' id='line_1_8' title="bbox 834 718 1178 755; baseline -0.006 -3"><span class='ocrx_word' id='word_1_54' title='bbox 834 718 1043 753; x_wconf 87' lang='lat' dir='ltr'>ERVEUS.</span> <span class='ocrx_word' id='word_1_55' title='bbox 1098 720 1178 755; x_wconf 79' lang='lat'>494.</span> 
     </span>
    </p>
   </div>
   <div class='ocr_carea' id='block_1_4' title="bbox 329 830 1688 1367">
    <p class='ocr_par' dir='ltr' id='par_1_4' title="bbox 329 830 1688 1367">
     <span class='ocr_line' id='line_1_9' title="bbox 330 830 1687 874; baseline -0.001 -9"><span class='ocrx_word' id='word_1_56' title='bbox 330 833 503 871; x_wconf 80' lang='lat' dir='ltr'><strong>ERVEUS,</strong></span> <span class='ocrx_word' id='word_1_57' title='bbox 515 832 742 865; x_wconf 83' lang='lat' dir='ltr'>monasticam</span> <span class='ocrx_word' id='word_1_58' title='bbox 756 832 863 864; x_wconf 85' lang='lat' dir='ltr'>vitam</span> <span class='ocrx_word' id='word_1_59' title='bbox 876 831 1061 874; x_wconf 87' lang='lat' dir='ltr'>professus,</span> <span class='ocrx_word' id='word_1_60' title='bbox 1069 830 1303 863; x_wconf 87' lang='lat' dir='ltr'>Carmelitano</span> <span class='ocrx_word' id='word_1_61' title='bbox 1315 841 1350 864; x_wconf 86' lang='lat' dir='ltr'>se</span> <span class='ocrx_word' id='word_1_62' title='bbox 1364 831 1527 864; x_wconf 83' lang='lat' dir='ltr'>instituto</span> <span class='ocrx_word' id='word_1_63' title='bbox 1541 831 1687 869; x_wconf 84' lang='lat' dir='ltr'>addixit,</span> 
     </span>
     <span class='ocr_line' id='line_1_10' title="bbox 330 886 1687 932; baseline -0.001 -11"><span class='ocrx_word' id='word_1_64' title='bbox 330 890 424 932; x_wconf 90' lang='lat' dir='ltr'>quod</span> <span class='ocrx_word' id='word_1_65' title='bbox 448 900 488 921; x_wconf 89' lang='lat' dir='ltr'>ea</span> <span class='ocrx_word' id='word_1_66' title='bbox 510 893 621 921; x_wconf 91' lang='lat' dir='ltr'>aetate</span> <span class='ocrx_word' id='word_1_67' title='bbox 647 887 789 920; x_wconf 84' lang='lat' dir='ltr'>mirifice</span> <span class='ocrx_word' id='word_1_68' title='bbox 814 888 905 930; x_wconf 89' lang='lat' dir='ltr'>apud</span> <span class='ocrx_word' id='word_1_69' title='bbox 932 886 1049 920; x_wconf 84' lang='lat' dir='ltr'>Scotos</span> <span class='ocrx_word' id='word_1_70' title='bbox 1068 886 1231 920; x_wconf 85' lang='lat' dir='ltr'>florebat:</span> <span class='ocrx_word' id='word_1_71' title='bbox 1258 888 1407 930; x_wconf 87' lang='lat' dir='ltr'>patriam</span> <span class='ocrx_word' id='word_1_72' title='bbox 1433 887 1551 920; x_wconf 89' lang='lat' dir='ltr'>adulta</span> <span class='ocrx_word' id='word_1_73' title='bbox 1576 891 1687 919; x_wconf 86' lang='lat' dir='ltr'>aetate</span> 
     </span>
     <span class='ocr_line' id='line_1_11' title="bbox 332 942 1686 988; baseline -0.001 -11"><span class='ocrx_word' id='word_1_74' title='bbox 332 946 541 988; x_wconf 80' lang='lat' dir='ltr'>relinquens,</span> <span class='ocrx_word' id='word_1_75' title='bbox 572 943 733 976; x_wconf 85' lang='lat' dir='ltr'>Lutetiae</span> <span class='ocrx_word' id='word_1_76' title='bbox 762 943 954 987; x_wconf 89' lang='lat' dir='ltr'>theologica</span> <span class='ocrx_word' id='word_1_77' title='bbox 990 944 1105 975; x_wconf 86' lang='lat' dir='ltr'>studia</span> <span class='ocrx_word' id='word_1_78' title='bbox 1134 943 1324 985; x_wconf 88' lang='lat' dir='ltr'>amplexus,</span> <span class='ocrx_word' id='word_1_79' title='bbox 1362 943 1590 975; x_wconf 88' lang='lat' dir='ltr'>clarissimum</span> <span class='ocrx_word' id='word_1_80' title='bbox 1621 942 1686 975; x_wconf 83' lang='lat' dir='ltr'>sibi</span> 
     </span>
     <span class='ocr_line' id='line_1_12' title="bbox 329 998 1688 1043; baseline -0.002 -10"><span class='ocrx_word' id='word_1_81' title='bbox 329 1001 529 1043; x_wconf 85' lang='lat' dir='ltr'>patriaeque</span> <span class='ocrx_word' id='word_1_82' title='bbox 558 1010 683 1032; x_wconf 88' lang='lat' dir='ltr'>nomen</span> <span class='ocrx_word' id='word_1_83' title='bbox 710 999 865 1041; x_wconf 82' lang='lat' dir='ltr'>peperit3</span> <span class='ocrx_word' id='word_1_84' title='bbox 898 1010 1001 1041; x_wconf 85' lang='lat' dir='ltr'>quem</span> <span class='ocrx_word' id='word_1_85' title='bbox 1027 999 1111 1031; x_wconf 86' lang='lat' dir='ltr'>satis</span> <span class='ocrx_word' id='word_1_86' title='bbox 1137 998 1257 1030; x_wconf 88' lang='lat' dir='ltr'>mirari</span> <span class='ocrx_word' id='word_1_87' title='bbox 1282 1009 1351 1031; x_wconf 91' lang='lat' dir='ltr'>non</span> <span class='ocrx_word' id='word_1_88' title='bbox 1377 1009 1518 1041; x_wconf 89' lang='lat' dir='ltr'>possum</span> <span class='ocrx_word' id='word_1_89' title='bbox 1543 999 1579 1030; x_wconf 93' lang='lat' dir='ltr'>in</span> <span class='ocrx_word' id='word_1_90' title='bbox 1605 998 1688 1031; x_wconf 88' lang='lat' dir='ltr'>Car-</span> 
     </span>
     <span class='ocr_line' id='line_1_13' title="bbox 329 1053 1687 1092; baseline -0.001 -3"><span class='ocrx_word' id='word_1_91' title='bbox 329 1057 493 1089; x_wconf 86' lang='lat' dir='ltr'>melitana</span> <span class='ocrx_word' id='word_1_92' title='bbox 518 1055 735 1088; x_wconf 84' lang='lat' dir='ltr'>Bibliotheca</span> <span class='ocrx_word' id='word_1_93' title='bbox 759 1055 938 1092; x_wconf 86' lang='lat' dir='ltr'>omissum,</span> <span class='ocrx_word' id='word_1_94' title='bbox 967 1065 1044 1087; x_wconf 88' lang='lat' dir='ltr'>cum</span> <span class='ocrx_word' id='word_1_95' title='bbox 1072 1055 1108 1086; x_wconf 93' lang='lat' dir='ltr'>in</span> <span class='ocrx_word' id='word_1_96' title='bbox 1137 1054 1222 1086; x_wconf 88' lang='lat' dir='ltr'>actis</span> <span class='ocrx_word' id='word_1_97' title='bbox 1252 1053 1458 1087; x_wconf 84' lang='lat' dir='ltr'>Parisiensis</span> <span class='ocrx_word' id='word_1_98' title='bbox 1484 1055 1687 1092; x_wconf 87' lang='lat' dir='ltr'>academiae,</span> 
     </span>
     <span class='ocr_line' id='line_1_14' title="bbox 330 1110 1687 1153; baseline -0.002 -8"><span class='ocrx_word' id='word_1_99' title='bbox 330 1117 363 1145; x_wconf 91' lang='lat' dir='ltr'>et</span> <span class='ocrx_word' id='word_1_100' title='bbox 382 1112 418 1144; x_wconf 91' lang='lat' dir='ltr'>in</span> <span class='ocrx_word' id='word_1_101' title='bbox 438 1112 596 1144; x_wconf 89' lang='lat' dir='ltr'>Indiculo</span> <span class='ocrx_word' id='word_1_102' title='bbox 615 1111 659 1143; x_wconf 87' lang='lat' dir='ltr'>sit</span> <span class='ocrx_word' id='word_1_103' title='bbox 677 1110 891 1152; x_wconf 84' lang='lat' dir='ltr'>Scriptorum</span> <span class='ocrx_word' id='word_1_104' title='bbox 911 1110 1103 1149; x_wconf 88' lang='lat' dir='ltr'>Scotorum,</span> <span class='ocrx_word' id='word_1_105' title='bbox 1122 1110 1182 1153; x_wconf 89' lang='lat' dir='ltr'>qui</span> <span class='ocrx_word' id='word_1_106' title='bbox 1200 1110 1280 1142; x_wconf 87' lang='lat' dir='ltr'>licet</span> <span class='ocrx_word' id='word_1_107' title='bbox 1297 1120 1439 1142; x_wconf 86' lang='lat' dir='ltr'>mancus</span> <span class='ocrx_word' id='word_1_108' title='bbox 1458 1111 1514 1148; x_wconf 80' lang='lat' dir='ltr'>sit,</span> <span class='ocrx_word' id='word_1_109' title='bbox 1533 1115 1648 1143; x_wconf 90' lang='lat' dir='ltr'>tamen</span> <span class='ocrx_word' id='word_1_110' title='bbox 1667 1122 1687 1142; x_wconf 83' lang='lat' dir='ltr'>a</span> 
     </span>
     <span class='ocr_line' id='line_1_15' title="bbox 329 1165 1684 1212; baseline -0.002 -12"><span class='ocrx_word' id='word_1_111' title='bbox 329 1168 487 1212; x_wconf 85' lang='lat' dir='ltr'>diligenti</span> <span class='ocrx_word' id='word_1_112' title='bbox 506 1172 557 1199; x_wconf 90' lang='lat' dir='ltr'>est</span> <span class='ocrx_word' id='word_1_113' title='bbox 575 1171 768 1211; x_wconf 82' lang='lat' dir='ltr'>congestus,</span> <span class='ocrx_word' id='word_1_114' title='bbox 789 1171 823 1198; x_wconf 94' lang='lat' dir='ltr'>et</span> <span class='ocrx_word' id='word_1_115' title='bbox 849 1167 922 1199; x_wconf 86' lang='lat' dir='ltr'>sola</span> <span class='ocrx_word' id='word_1_116' title='bbox 945 1166 1106 1209; x_wconf 86' lang='lat' dir='ltr'>nudaque</span> <span class='ocrx_word' id='word_1_117' title='bbox 1130 1165 1271 1198; x_wconf 89' lang='lat' dir='ltr'>nomina</span> <span class='ocrx_word' id='word_1_118' title='bbox 1293 1166 1542 1208; x_wconf 86' lang='lat' dir='ltr'>complectitur.</span> <span class='ocrx_word' id='word_1_119' title='bbox 1594 1165 1684 1209; x_wconf 88' lang='lat' dir='ltr'>Ejus</span> 
     </span>
     <span class='ocr_line' id='line_1_16' title="bbox 329 1227 443 1256; baseline -0.009 0"><span class='ocrx_word' id='word_1_120' title='bbox 329 1227 443 1256; x_wconf 77' lang='lat' dir='ltr'>exstat</span> 
     </span>
     <span class='ocr_line' id='line_1_17' title="bbox 472 1276 1625 1310; baseline -0.001 0"><span class='ocrx_word' id='word_1_121' title='bbox 472 1278 525 1310; x_wconf 91' lang='lat' dir='ltr'>De</span> <span class='ocrx_word' id='word_1_122' title='bbox 543 1278 705 1310; x_wconf 88' lang='lat' dir='ltr'>Conciliis</span> <span class='ocrx_word' id='word_1_123' title='bbox 723 1277 962 1310; x_wconf 84' lang='lat' dir='ltr'>Oecumenicis</span> <span class='ocrx_word' id='word_1_124' title='bbox 1145 1276 1203 1309; x_wconf 92' lang='lat' dir='ltr'>lib.</span> <span class='ocrx_word' id='word_1_125' title='bbox 1223 1285 1248 1309; x_wconf 90' lang='grc' dir='ltr'>Ι.</span> <span class='ocrx_word' id='word_1_126' title='bbox 1299 1276 1435 1310; x_wconf 79' lang='lat' dir='ltr'>Prodiit</span> <span class='ocrx_word' id='word_1_127' title='bbox 1453 1276 1625 1310; x_wconf 82' lang='lat' dir='ltr'>Lutetiae.</span> 
     </span>
     <span class='ocr_line' id='line_1_18' title="bbox 376 1324 1314 1367; baseline -0.005 0"><span class='ocrx_word' id='word_1_128' title='bbox 376 1334 476 1367; x_wconf 84' lang='lat' dir='ltr'>Vixit</span> <span class='ocrx_word' id='word_1_129' title='bbox 494 1345 584 1367; x_wconf 90' lang='lat' dir='ltr'>anno</span> <span class='ocrx_word' id='word_1_130' title='bbox 604 1342 720 1366; x_wconf 84' lang='lat' dir='ltr'>MCCC.</span> <span class='ocrx_word' id='word_1_131' title='bbox 1306 1324 1314 1332; x_wconf 55' lang='lat'>⁸</span> 
     </span>
    </p>
   </div>
   <div class='ocr_carea' id='block_1_5' title="bbox 858 1443 1158 1477">
    <p class='ocr_par' dir='ltr' id='par_1_5' title="bbox 858 1443 1158 1477">
     <span class='ocr_line' id='line_1_19' title="bbox 858 1443 1158 1477; baseline 0 0"><span class='ocrx_word' id='word_1_132' title='bbox 858 1443 1158 1477; x_wconf 88' lang='lat' dir='ltr'>EGINARTUS.</span> 
     </span>
    </p>
   </div>
   <div class='ocr_carea' id='block_1_6' title="bbox 330 1555 1686 1703">
    <p class='ocr_par' dir='ltr' id='par_1_6' title="bbox 330 1555 1686 1703">
     <span class='ocr_line' id='line_1_20' title="bbox 330 1555 1685 1596; baseline 0 -6"><span class='ocrx_word' id='word_1_133' title='bbox 330 1558 580 1596; x_wconf 81' lang='lat' dir='ltr'><strong>EGINARTUS,</strong></span> <span class='ocrx_word' id='word_1_134' title='bbox 606 1557 679 1590; x_wconf 83' lang='lat' dir='ltr'>sive</span> <span class='ocrx_word' id='word_1_135' title='bbox 701 1556 890 1594; x_wconf 88' lang='lat' dir='ltr'>Einardus,</span> <span class='ocrx_word' id='word_1_136' title='bbox 913 1567 982 1588; x_wconf 92' lang='lat' dir='ltr'>non</span> <span class='ocrx_word' id='word_1_137' title='bbox 1008 1555 1334 1588; x_wconf 87' lang='lat' dir='ltr'>Franco-orientalis</span> <span class='ocrx_word' id='word_1_138' title='bbox 1360 1555 1438 1595; x_wconf 89' lang='lat' dir='ltr'>fuit,</span> <span class='ocrx_word' id='word_1_139' title='bbox 1464 1561 1504 1590; x_wconf 88' lang='lat' dir='ltr'>ut</span> <span class='ocrx_word' id='word_1_140' title='bbox 1522 1556 1685 1590; x_wconf 83' lang='lat' dir='ltr'>Germani</span> 
     </span>
     <span class='ocr_line' id='line_1_21' title="bbox 330 1608 1686 1656; baseline -0.001 -10"><span class='ocrx_word' id='word_1_141' title='bbox 330 1615 552 1652; x_wconf 86' lang='lat' dir='ltr'>contendunt,</span> <span class='ocrx_word' id='word_1_142' title='bbox 571 1614 628 1646; x_wconf 84' lang='lat' dir='ltr'>sed</span> <span class='ocrx_word' id='word_1_143' title='bbox 647 1613 780 1651; x_wconf 84' lang='lat' dir='ltr'>Scotus,</span> <span class='ocrx_word' id='word_1_144' title='bbox 805 1617 844 1645; x_wconf 90' lang='lat' dir='ltr'>ut</span> <span class='ocrx_word' id='word_1_145' title='bbox 867 1611 958 1644; x_wconf 83' lang='lat' dir='ltr'>infra</span> <span class='ocrx_word' id='word_1_146' title='bbox 975 1612 1012 1644; x_wconf 93' lang='lat' dir='ltr'>in</span> <span class='ocrx_word' id='word_1_147' title='bbox 1030 1622 1111 1644; x_wconf 89' lang='lat' dir='ltr'>voce</span> <span class='ocrx_word' id='word_1_148' title='bbox 1132 1608 1344 1644; x_wconf 72' lang='lat' dir='ltr'>Kineardus</span> <span class='ocrx_word' id='word_1_149' title='bbox 1360 1612 1589 1655; x_wconf 82' lang='lat' dir='ltr'>probabitur3</span> <span class='ocrx_word' id='word_1_150' title='bbox 1617 1623 1686 1656; x_wconf 89' lang='lat' dir='ltr'>quo</span> 
     </span>
     <span class='ocr_line' id='line_1_22' title="bbox 332 1669 805 1703; baseline -0.004 -1"><span class='ocrx_word' id='word_1_151' title='bbox 332 1672 404 1703; x_wconf 91' lang='lat' dir='ltr'>loco</span> <span class='ocrx_word' id='word_1_152' title='bbox 424 1669 559 1702; x_wconf 87' lang='lat' dir='ltr'>abunde</span> <span class='ocrx_word' id='word_1_153' title='bbox 578 1669 619 1701; x_wconf 82' lang='lat' dir='ltr'>de</span> <span class='ocrx_word' id='word_1_154' title='bbox 638 1669 697 1701; x_wconf 86' lang='lat' dir='ltr'>illo</span> <span class='ocrx_word' id='word_1_155' title='bbox 716 1669 805 1701; x_wconf 88' lang='lat' dir='ltr'>vide.</span> 
     </span>
    </p>
   </div>
   <div class='ocr_carea' id='block_1_7' title="bbox 693 1779 1325 1816">
    <p class='ocr_par' dir='ltr' id='par_1_7' title="bbox 693 1779 1325 1816">
     <span class='ocr_line' id='line_1_23' title="bbox 693 1779 1325 1816; baseline 0 -4"><span class='ocrx_word' id='word_1_156' title='bbox 693 1779 923 1813; x_wconf 87' lang='lat' dir='ltr'>JOANNES</span> <span class='ocrx_word' id='word_1_157' title='bbox 948 1779 1192 1812; x_wconf 89' lang='lat' dir='ltr'><strong>ELDMAIR.</strong></span> <span class='ocrx_word' id='word_1_158' title='bbox 1244 1781 1325 1816; x_wconf 80' lang='lat'>495.</span> 
     </span>
    </p>
   </div>
   <div class='ocr_carea' id='block_1_8' title="bbox 331 1890 1685 2327">
    <p class='ocr_par' dir='ltr' id='par_1_8' title="bbox 331 1890 1685 2327">
     <span class='ocr_line' id='line_1_24' title="bbox 331 1890 1682 1936; baseline -0.001 -10"><span class='ocrx_word' id='word_1_159' title='bbox 331 1894 517 1926; x_wconf 77' lang='lat' dir='ltr'>JOANNES</span> <span class='ocrx_word' id='word_1_160' title='bbox 537 1893 696 1925; x_wconf 84' lang='lat' dir='ltr'>Eldmair</span> <span class='ocrx_word' id='word_1_161' title='bbox 714 1903 840 1936; x_wconf 81' lang='lat' dir='ltr'>magno</span> <span class='ocrx_word' id='word_1_162' title='bbox 858 1892 995 1924; x_wconf 89' lang='lat' dir='ltr'>nomine</span> <span class='ocrx_word' id='word_1_163' title='bbox 1013 1891 1104 1934; x_wconf 84' lang='lat' dir='ltr'>apud</span> <span class='ocrx_word' id='word_1_164' title='bbox 1122 1901 1202 1922; x_wconf 84' lang='lat' dir='ltr'>suos</span> <span class='ocrx_word' id='word_1_165' title='bbox 1220 1896 1254 1923; x_wconf 83' lang='lat' dir='ltr'>et</span> <span class='ocrx_word' id='word_1_166' title='bbox 1268 1890 1385 1924; x_wconf 86' lang='lat' dir='ltr'>Gallos</span> <span class='ocrx_word' id='word_1_167' title='bbox 1400 1892 1534 1925; x_wconf 89' lang='lat' dir='ltr'>claruit.</span> <span class='ocrx_word' id='word_1_168' title='bbox 1580 1892 1682 1926; x_wconf 86' lang='lat' dir='ltr'>Hect.</span> 
     </span>
     <span class='ocr_line' id='line_1_25' title="bbox 333 1946 1682 1991; baseline -0.001 -9"><span class='ocrx_word' id='word_1_169' title='bbox 333 1950 501 1982; x_wconf 87' lang='lat' dir='ltr'>Boethius</span> <span class='ocrx_word' id='word_1_170' title='bbox 519 1950 577 1982; x_wconf 88' lang='lat' dir='ltr'>lib.</span> <span class='ocrx_word' id='word_1_171' title='bbox 594 1958 710 1981; x_wconf 80' lang='lat' dir='ltr'>xv111.</span> <span class='ocrx_word' id='word_1_172' title='bbox 733 1947 865 1980; x_wconf 85' lang='lat' dir='ltr'>Histor.</span> <span class='ocrx_word' id='word_1_173' title='bbox 885 1947 1007 1979; x_wconf 87' lang='lat' dir='ltr'>Scotic.</span> <span class='ocrx_word' id='word_1_174' title='bbox 1021 1947 1057 1978; x_wconf 91' lang='lat' dir='ltr'>in</span> <span class='ocrx_word' id='word_1_175' title='bbox 1071 1946 1136 1978; x_wconf 89' lang='lat' dir='ltr'>fine</span> <span class='ocrx_word' id='word_1_176' title='bbox 1151 1955 1159 1978; x_wconf 85' lang='lat'>:</span> <span class='ocrx_word' id='word_1_177' title='bbox 1178 1950 1198 1964; x_wconf 84' lang='lat'>“</span> <span class='ocrx_word' id='word_1_178' title='bbox 1210 1946 1267 1979; x_wconf 90' lang='lat' dir='ltr'>Ex</span> <span class='ocrx_word' id='word_1_179' title='bbox 1281 1948 1409 1980; x_wconf 84' lang='lat' dir='ltr'>nostris</span> <span class='ocrx_word' id='word_1_180' title='bbox 1423 1959 1519 1980; x_wconf 87' lang='lat' dir='ltr'>sacra</span> <span class='ocrx_word' id='word_1_181' title='bbox 1532 1948 1682 1991; x_wconf 89' lang='lat' dir='ltr'>discipli-</span> 
     </span>
     <span class='ocr_line' id='line_1_26' title="bbox 334 2001 1684 2043; baseline -0.001 -5"><span class='ocrx_word' id='word_1_182' title='bbox 334 2017 379 2038; x_wconf 92' lang='lat' dir='ltr'>na</span> <span class='ocrx_word' id='word_1_183' title='bbox 397 2006 583 2037; x_wconf 85' lang='lat' dir='ltr'>admodum</span> <span class='ocrx_word' id='word_1_184' title='bbox 599 2005 736 2043; x_wconf 87' lang='lat' dir='ltr'>eruditi,</span> <span class='ocrx_word' id='word_1_185' title='bbox 751 2003 813 2036; x_wconf 60' lang='grc' dir='ltr'>ἃς.</span> <span class='ocrx_word' id='word_1_186' title='bbox 827 2003 849 2035; x_wconf 90' lang='lat' dir='ltr'>J</span> <span class='ocrx_word' id='word_1_187' title='bbox 852 2013 978 2036; x_wconf 85' lang='lat' dir='ltr'>oannes</span> <span class='ocrx_word' id='word_1_188' title='bbox 993 2001 1162 2040; x_wconf 89' lang='lat' dir='ltr'>Eldmair,</span> <span class='ocrx_word' id='word_1_189' title='bbox 1177 2014 1196 2034; x_wconf 86' lang='lat' dir='ltr'>a</span> <span class='ocrx_word' id='word_1_190' title='bbox 1209 2002 1232 2034; x_wconf 88' lang='lat' dir='ltr'><strong>J</strong></span> <span class='ocrx_word' id='word_1_191' title='bbox 1234 2003 1338 2036; x_wconf 90' lang='lat' dir='ltr'>acobo</span> <span class='ocrx_word' id='word_1_192' title='bbox 1353 2003 1548 2042; x_wconf 89' lang='lat' dir='ltr'>Kennetho,</span> <span class='ocrx_word' id='word_1_193' title='bbox 1567 2003 1684 2037; x_wconf 88' lang='lat' dir='ltr'>Sancti</span> 
     </span>
     <span class='ocr_line' id='line_1_27' title="bbox 333 2058 1685 2103; baseline -0.001 -10"><span class='ocrx_word' id='word_1_194' title='bbox 333 2061 493 2093; x_wconf 89' lang='lat' dir='ltr'>Andreae</span> <span class='ocrx_word' id='word_1_195' title='bbox 512 2061 681 2103; x_wconf 86' lang='lat' dir='ltr'>episcopo,</span> <span class='ocrx_word' id='word_1_196' title='bbox 701 2072 720 2092; x_wconf 83' lang='lat' dir='ltr'>a</span> <span class='ocrx_word' id='word_1_197' title='bbox 738 2058 925 2091; x_wconf 87' lang='lat' dir='ltr'>Parisiensi</span> <span class='ocrx_word' id='word_1_198' title='bbox 944 2058 1118 2090; x_wconf 87' lang='lat' dir='ltr'>academia</span> <span class='ocrx_word' id='word_1_199' title='bbox 1143 2058 1281 2096; x_wconf 87' lang='lat' dir='ltr'>accitus,</span> <span class='ocrx_word' id='word_1_200' title='bbox 1306 2066 1347 2091; x_wconf 90' lang='lat' dir='ltr'>ut</span> <span class='ocrx_word' id='word_1_201' title='bbox 1370 2060 1405 2092; x_wconf 91' lang='lat' dir='ltr'>in</span> <span class='ocrx_word' id='word_1_202' title='bbox 1429 2059 1582 2103; x_wconf 88' lang='lat' dir='ltr'>Collegio</span> <span class='ocrx_word' id='word_1_203' title='bbox 1609 2060 1685 2093; x_wconf 89' lang='lat' dir='ltr'>Ser-</span> 
     </span>
     <span class='ocr_line' id='line_1_28' title="bbox 332 2113 1684 2160; baseline -0.001 -11"><span class='ocrx_word' id='word_1_204' title='bbox 332 2117 474 2154; x_wconf 85' lang='lat' dir='ltr'>vatoris,</span> <span class='ocrx_word' id='word_1_205' title='bbox 498 2117 589 2159; x_wconf 88' lang='lat' dir='ltr'>quod</span> <span class='ocrx_word' id='word_1_206' title='bbox 615 2116 749 2159; x_wconf 86' lang='lat' dir='ltr'>ingenti</span> <span class='ocrx_word' id='word_1_207' title='bbox 773 2118 915 2156; x_wconf 86' lang='lat' dir='ltr'>sumptu</span> <span class='ocrx_word' id='word_1_208' title='bbox 939 2113 1277 2157; x_wconf 83' lang='lat' dir='ltr'>magnificentissime</span> <span class='ocrx_word' id='word_1_209' title='bbox 1300 2115 1509 2153; x_wconf 89' lang='lat' dir='ltr'>condiderat,</span> <span class='ocrx_word' id='word_1_210' title='bbox 1533 2116 1684 2160; x_wconf 84' lang='lat' dir='ltr'>egregie-</span> 
     </span>
     <span class='ocr_line' id='line_1_29' title="bbox 333 2169 1684 2216; baseline -0.001 -11"><span class='ocrx_word' id='word_1_211' title='bbox 333 2184 398 2216; x_wconf 90' lang='lat' dir='ltr'>que</span> <span class='ocrx_word' id='word_1_212' title='bbox 416 2173 459 2205; x_wconf 88' lang='lat' dir='ltr'>ad</span> <span class='ocrx_word' id='word_1_213' title='bbox 477 2172 711 2205; x_wconf 87' lang='lat' dir='ltr'>studiosorum</span> <span class='ocrx_word' id='word_1_214' title='bbox 734 2181 838 2203; x_wconf 87' lang='lat' dir='ltr'>usum</span> <span class='ocrx_word' id='word_1_215' title='bbox 864 2170 1054 2207; x_wconf 83' lang='lat' dir='ltr'>dotaverat,</span> <span class='ocrx_word' id='word_1_216' title='bbox 1080 2169 1217 2201; x_wconf 86' lang='lat' dir='ltr'>divinas</span> <span class='ocrx_word' id='word_1_217' title='bbox 1243 2174 1347 2213; x_wconf 88' lang='lat' dir='ltr'>atque</span> <span class='ocrx_word' id='word_1_218' title='bbox 1372 2170 1541 2203; x_wconf 89' lang='lat' dir='ltr'>humanas</span> <span class='ocrx_word' id='word_1_219' title='bbox 1567 2171 1684 2204; x_wconf 89' lang='lat' dir='ltr'>literas</span> 
     </span>
     <span class='ocr_line' id='line_1_30' title="bbox 333 2227 849 2272; baseline -0.008 -11"><span class='ocrx_word' id='word_1_220' title='bbox 333 2228 585 2272; x_wconf 84' lang='lat' dir='ltr'>profiteretur.”</span> <span class='ocrx_word' id='word_1_221' title='bbox 638 2227 726 2270; x_wconf 84' lang='lat' dir='ltr'>Ejus</span> <span class='ocrx_word' id='word_1_222' title='bbox 744 2231 826 2258; x_wconf 90' lang='lat' dir='ltr'>sunt</span> <span class='ocrx_word' id='word_1_223' title='bbox 842 2236 849 2257; x_wconf 90' lang='lat'>:</span> 
     </span>
     <span class='ocr_line' id='line_1_31' title="bbox 479 2281 1585 2327; baseline -0.001 -11"><span class='ocrx_word' id='word_1_224' title='bbox 479 2283 521 2316; x_wconf 92' lang='lat' dir='ltr'>In</span> <span class='ocrx_word' id='word_1_225' title='bbox 541 2282 663 2316; x_wconf 85' lang='lat' dir='ltr'>Libros</span> <span class='ocrx_word' id='word_1_226' title='bbox 681 2281 938 2315; x_wconf 85' lang='lat' dir='ltr'>Sententiarum</span> <span class='ocrx_word' id='word_1_227' title='bbox 1102 2281 1161 2314; x_wconf 88' lang='lat' dir='ltr'>lib.</span> <span class='ocrx_word' id='word_1_228' title='bbox 1183 2289 1234 2313; x_wconf 79' lang='lat' dir='ltr'>lv,</span> <span class='ocrx_word' id='word_1_229' title='bbox 1285 2281 1307 2313; x_wconf 86' lang='lat' dir='ltr'><strong>J</strong></span> <span class='ocrx_word' id='word_1_230' title='bbox 1311 2292 1438 2314; x_wconf 89' lang='lat' dir='ltr'>oannes</span> <span class='ocrx_word' id='word_1_231' title='bbox 1458 2282 1585 2327; x_wconf 89' lang='lat' dir='ltr'>Major.</span> 
     </span>
    </p>
   </div>
  </div>
 </body>
</html>
