1861 2682
622 231 793 263 GENTts
817 229 1089 267 SCOTORUM,
1113 229 1200 260 LIB.
1227 229 1283 260 IV.
1576 231 1638 261 229

281 337 345 358 nus
375 332 474 363 esset,
505 325 588 368 quia
618 325 786 367 scriptum
818 325 860 356 de
888 324 1060 368 legatione
1092 333 1155 355 sua
1180 321 1346 365 Byzantii
1371 321 1552 359 exaravit3
1579 322 1635 353 de·

281 382 385 424 nique
420 381 580 414 Pitsaeus
618 380 757 424 Anglus
795 379 1001 412 Austrasius
1039 384 1139 417 esset,
1177 382 1211 411 et
1249 378 1460 420 praeclaram
1498 381 1635 421 gentem

281 441 439 469 oneraret
465 437 620 475 infamia,
646 437 728 480 quia
754 436 946 468 Liverduui
972 435 1102 467 scribit.
1153 434 1212 467 Ad
1237 434 1330 473 haec,
1359 434 1515 466 omnium
1542 443 1636 465 secu-

279 494 391 525 lorum
426 497 461 525 et
494 493 652 537 gentium
687 493 910 534 virorumque
944 491 1160 524 eruditorum
1194 501 1379 523 consensus
1413 490 1555 523 Scotum
1588 489 1636 521 fe-

277 558 373 587 cere3
401 549 597 591 aliquorum
621 559 792 591 apponam
819 548 1004 580 celebriora
1029 547 1239 580 testimonia.
1291 546 1374 579 Dux
1392 547 1458 579 erit
1481 546 1635 590 ejusdem

277 604 408 637 ordinis
435 604 560 636 Petrus
587 603 806 646 Cratepolius
832 615 910 649 pag.
931 613 1012 637 XCI.
1040 608 1060 622 ⁶⁶
1077 603 1229 636 Joannes
1255 603 1368 641 Duns,
1391 603 1531 635 natione
1557 601 1636 634 Sco-

278 665 344 698 tus,
363 660 405 692 de
422 660 542 693 ordine
561 659 595 692 S.
615 659 802 699 Francisci,
821 661 875 694 vir
893 660 1149 693 eruditissimus
1167 659 1204 692 in
1221 659 1349 692 divinis
1368 658 1488 697 literis,
1507 662 1541 691 et
1560 657 1636 700 phi-

276 716 440 759 losophus
466 716 698 755 doctissimus,
726 716 946 749 acutissimus
976 715 1119 760 ingenii,
1151 719 1186 748 et
1211 715 1295 748 adeo
1321 714 1525 758 profundus,
1551 718 1589 746 ut
1617 724 1637 745 a

276 772 395 814 paucis
414 773 544 815 scripta
561 772 636 816 ejus
654 772 725 805 sint
742 772 1000 815 penetrabilia.’'
1050 771 1162 804 Nicol.
1180 771 1367 804 Jansenius
1385 770 1635 803 Dominicauus

276 838 349 870 cap.
381 836 467 861 V111.
499 829 535 860 in
563 827 774 872 Apologiam
804 827 965 872 Hugonis
1000 827 1132 860 Cavelli
1169 827 1329 860 Hiberni.
1365 826 1510 871 Gregor.
1547 826 1636 859 Ruis

276 888 355 916 ante
385 883 578 917 Comment.
612 884 705 917 Scoti
737 884 773 916 in
804 893 857 916 1V.
889 883 1028 916 Senten.
1061 883 1182 916 Simon
1213 883 1365 916 Maiolus
1393 882 1550 926 Colloqu.
1584 891 1635 915 lv.

275 939 480 984 Zuingerus.
517 939 649 972 Libert.
686 939 879 972 Fromondt
912 939 1142 972 Lovaniensis
1178 939 1215 972 in
1247 939 1432 972 Thesibus.
1469 939 1636 972 Nicolaus

275 995 484 1029 Vernuleius
503 995 699 1038 Triumpho
717 995 929 1038 Assumptae
947 994 1116 1039 Virginis.
1166 995 1259 1033 Quid
1282 997 1383 1038 plura
1396 995 1412 1027 Ρ
1440 1006 1550 1037 nuper
1567 995 1637 1027 edi-

275 1056 310 1084 to
338 1062 439 1094 opere
466 1052 610 1094 probavi
637 1060 710 1084 XII.
744 1051 936 1084 rationibus
966 1062 1044 1084 eum
1076 1051 1216 1084 Scotum
1243 1051 1360 1089 fuisse,
1387 1062 1448 1084 nec
1476 1051 1637 1083 Cavellus

278 1108 466 1150 respondit,
497 1118 559 1140 nec
594 1108 801 1150 respondere
831 1112 956 1150 potest.
992 1107 1118 1140 Petrus
1152 1107 1357 1150 Rodolphus
1392 1107 1638 1140 Tossinianen-

276 1163 322 1195 sis
340 1167 424 1195 torn.
445 1172 504 1195 111.
523 1163 697 1207 Religion.
717 1163 860 1206 Seraph.
880 1164 940 1206 qui
959 1164 1086 1196 diserte
1112 1168 1133 1182 ⁶⁶
1151 1164 1194 1196 ad
1221 1163 1448 1206 Calydoniam
1475 1163 1637 1206 Sylvam⁷’

275 1223 396 1251 natum
430 1219 490 1258 ait,
525 1218 632 1251 refert
670 1224 786 1251 tamen
826 1219 945 1252 Balaei
980 1219 1273 1262 impudentissimi
1315 1224 1349 1251 et
1383 1219 1638 1252 mendacissimi

276 1275 408 1308 deliria.
459 1275 611 1308 Joannes
641 1275 683 1306 de
713 1274 870 1318 Ragusio
900 1275 1150 1309 Dominicanus
1180 1276 1353 1309 laboriosa
1382 1277 1441 1309 illa
1471 1276 1638 1309 Oratione

276 1330 395 1364 habita
428 1331 465 1364 in
499 1331 644 1363 concilio
679 1330 866 1363 Basiliensi
901 1331 942 1363 de
977 1331 1229 1365 Communione
1259 1332 1323 1365 sub
1352 1337 1500 1375 utraque
1527 1333 1638 1375 specie

274 1397 353 1430 pag.
374 1396 457 1420 0111.
478 1391 498 1406 ⁶⁶
516 1386 650 1425 Scotus,
665 1386 725 1429 qui
741 1396 823 1428 prae
837 1387 1022 1420 altitudine
1040 1388 1285 1420 etsubtilitate
1303 1388 1480 1421 doctrinae
1495 1393 1637 1421 antono-

275 1443 418 1476 mastice
435 1454 562 1476 nomen
579 1442 741 1475 Doctoris
760 1441 905 1475 Subtilis
925 1443 961 1476 in
976 1443 1101 1476 scholis
1115 1443 1298 1476 obtinuit.”
1332 1443 1355 1476 J
1357 1455 1484 1476 oannes
1500 1444 1638 1477 Trithe-

276 1499 366 1531 mius
385 1499 443 1532 lib.
463 1499 504 1531 de
523 1498 756 1541 Scriptoribus
776 1498 1028 1532 Ecclesiasticis
1053 1511 1129 1544 pag.
1148 1508 1282 1532 CCCHI.
1311 1504 1330 1518 ‘⁶
1347 1499 1499 1532 Joannes
1525 1499 1637 1537 Duns,

278 1555 418 1588 natione
437 1554 571 1594 Scotus,
590 1554 735 1587 Parisiis
753 1555 917 1588 studuit.”
967 1555 1045 1588 Ael.
1070 1555 1270 1589 Reusnerus
1288 1557 1324 1588 in
1343 1556 1460 1589 Indice
1484 1556 1639 1589 Chrono-

275 1611 408 1656 logico:
430 1616 451 1630 ‘⁶
465 1610 488 1642 J
490 1621 567 1644 oan.
582 1610 683 1643 Duns
698 1610 960 1650 Franciscanus,
978 1616 1080 1656 gente
1095 1612 1228 1651 Scottis,
1248 1612 1380 1645 Doctor
1397 1613 1509 1645 dictus
1523 1612 1640 1645 Subti-

275 1668 328 1705 lis,
358 1667 476 1706 obiit‚”
502 1665 566 1699 Sec.
630 1666 766 1699 Auctor
797 1666 1032 1700 Bibliothecae
1066 1667 1238 1700 Classicae
1271 1669 1399 1712 pagina
1433 1677 1637 1701 CCLXXXV.

276 1728 296 1742 ‘⁶
314 1722 466 1756 Joannes
484 1723 596 1766 Duns,
617 1734 638 1756 a
661 1723 775 1766 patria
799 1722 891 1756 Scoti
911 1734 1037 1756 nomen
1055 1724 1246 1757 obtinens.''
1296 1724 1430 1757 Anton.
1459 1724 1637 1757 Possevin.

277 1779 409 1823 Appar.
429 1779 523 1812 Sacr.
542 1784 626 1812 tom.
648 1788 671 1811 Ι.
690 1790 768 1823 pag.
785 1788 923 1811 CLXIX.
952 1784 971 1798 ⁶⁶
989 1780 1141 1812 Joannes
1159 1785 1387 1824 cognomento
1406 1780 1517 1818 Duns,
1536 1785 1638 1812 natus

274 1836 311 1868 in
328 1836 492 1868 ulteriore
511 1836 697 1869 Britannia
719 1836 762 1867 ad
786 1834 1013 1878 Calydoniam
1035 1836 1189 1879 Sylvam,
1216 1848 1237 1869 a
1260 1838 1373 1879 patria
1396 1837 1488 1869 Scoti
1512 1847 1639 1869 nomeu

276 1892 313 1924 in
331 1892 456 1925 scholis
475 1892 659 1925 obtinuit.''
685 1891 785 1924 Joan.
801 1891 968 1924 Aventin.
984 1892 1042 1924 lib.
1057 1901 1109 1924 VI.
1124 1892 1253 1925 Annal.
1269 1892 1438 1925 Boiarior.
1477 1896 1497 1911 ⁶⁶
1511 1892 1566 1925 Eo
1579 1903 1639 1925 au-

275 1953 349 1980 tore
363 1948 431 1980 duo
444 1948 753 1991 Peripateticorum
769 1946 1071 1980 Aristotelicorum
1086 1959 1214 1993 genera
1227 1959 1299 1981 esse
1310 1953 1514 1991 coeperunt3
1529 1959 1638 1981 unum

276 2004 363 2036 illud
382 2009 495 2042 vetus,
515 2005 664 2046 locuples
683 2004 718 2035 in
737 2003 838 2035 rebus
857 2005 1088 2045 procreandis,
1109 2005 1201 2047 quod
1226 2005 1405 2037 scientiam
1430 2005 1495 2037 sibi
1522 2016 1638 2037 rerum

277 2060 447 2098 vendicat,
474 2060 696 2102 quamobrem
724 2059 846 2091 Reales
869 2064 1062 2099 vocantur3
1089 2071 1219 2092 novum
1247 2060 1339 2103 quod
1365 2071 1440 2093 eam
1465 2060 1639 2098 distrahit,

277 2115 479 2148 Nominales
498 2116 574 2147 ideo
593 2115 794 2157 nuncupati,
813 2115 906 2157 quod
924 2117 1021 2148 avari
1038 2127 1166 2154 rerum,
1185 2116 1321 2160 prodigi
1336 2117 1517 2149 nominum
1536 2121 1639 2159 atque

277 2172 472 2209 notionum,
491 2171 676 2203 verborum
696 2171 859 2202 videntur
877 2182 949 2203 esse
967 2177 1165 2205 assertores.
1216 2172 1258 2205 In
1276 2172 1369 2205 hisce
1387 2173 1520 2205 duobus
1539 2183 1641 2217 gene-

276 2228 372 2260 ribus
391 2227 573 2259 dissidium
593 2231 626 2258 et
645 2227 773 2258 bellum
797 2226 896 2258 civile
920 2232 981 2260 est.
1034 2227 1132 2260 Illius
1157 2228 1311 2261 Thomas
1332 2228 1492 2271 Aquinas
1518 2228 1638 2266 Italus,

277 2288 309 2315 et
336 2282 487 2315 Joannes
513 2282 614 2314 Duns
640 2281 774 2320 scotus,
803 2281 908 2326 hujus
934 2282 1143 2316 XVilhelmus
1168 2284 1388 2317 Occamensis
1407 2284 1556 2328 Anglus,
1580 2295 1638 2316 an-
