1861 2682
581 252 752 285 GENTIS
777 251 1048 290 SCOTORUM,
1074 250 1161 282 LIB.
1186 250 1249 281 III.
1535 251 1593 281 181

236 347 303 380 Hic
321 346 443 380 Scotus
461 345 567 378 fuerit
584 356 700 382 necne,
719 345 876 377 divinare
893 355 963 377 non
981 343 1146 382 sustineo,
1164 347 1198 375 et
1218 343 1330 375 solum
1348 341 1593 386 infirmumque

233 408 284 436 est
302 415 322 436 a
339 403 477 435 nomine
493 406 750 446 argumentum.
802 400 989 443 Utcunque
1012 400 1165 432 extincto
1190 398 1314 432 Carolo
1337 397 1469 442 Magno
1493 398 1592 441 hym-

233 469 317 491 num
335 459 433 490 illum
452 457 631 495 scribebat,
650 468 731 489 nam
748 456 907 489 meminit
928 456 1153 498 exequiarum
1180 454 1398 498 Aquisgrani
1424 454 1455 487 ei
1478 464 1594 497 perso-

232 515 385 546 lutarum
403 514 493 546 circa
510 524 640 545 annum
660 521 847 545 DCCCXIV.
869 512 928 544 sed
946 522 990 544 an
1008 512 1065 544 hic
1087 511 1131 544 ad
1157 511 1331 554 peculium
1356 521 1473 544 meum
1499 519 1593 553 spec-

233 576 292 608 tet,
312 570 459 602 aliorum
480 569 546 601 erit
564 580 719 601 censura.
771 568 850 613 Ego
867 568 1028 601 delibero.

603 680 714 714 GUL.
740 679 1081 714 CHEYSOLMUS.
1134 681 1216 712 315.

231 793 474 827 GULIELMUS
492 792 731 836 Cheysolmus,
755 793 970 825 nobilissimo
995 792 1164 836 sanguine
1188 791 1358 824 baronum
1383 790 1426 823 de
1451 789 1594 834 Cromly

231 855 339 889 ortus,
371 849 466 882 vitae
488 849 688 892 integritate
711 859 917 891 morumque
941 848 1154 880 continentia
1178 847 1402 885 clarissimus,
1430 855 1495 879 XL.
1517 847 1593 891 jam

231 906 330 939 annis
348 906 583 949 episcopatum
601 904 850 937 vasionensem
868 904 905 935 in
923 903 1161 936 Avenionensi
1175 902 1344 936 comitatu
1357 903 1448 948 regit
1460 903 1593 945 patriae

234 966 448 1000 ornamento,
466 960 676 1003 pauperibus
695 960 798 992 unico
815 959 949 992 solatio.
1003 959 1150 1002 Scripsit

375 1017 660 1051 Confutationem
679 1015 914 1049 Confessionis
932 1015 1085 1048 Scoticae
1220 1014 1279 1047 lib.
1300 1022 1324 1046 1.
1344 1013 1482 1046 Prodiit
1499 1012 1593 1047 Ave-

422 1074 526 1106 nione
548 1083 638 1105 anno
663 1081 775 1105 MDCI.
803 1072 922 1104 laudat
939 1070 1114 1104 illustriss.
1137 1069 1241 1103 Card.
1266 1069 1501 1102 Bellarminus
1525 1069 1593 1103 Re-

422 1128 607 1171 sponsione
625 1129 668 1160 ad
686 1129 814 1161 librum
834 1127 942 1171 Regis
960 1137 1033 1170 cap.
1053 1135 1140 1159 VIII.

376 1184 638 1217 controversias
657 1183 756 1215 Fidei
1225 1181 1284 1215 lib.
1305 1191 1330 1214 1.
1357 1193 1454 1225 opus,
1480 1186 1520 1215 ut
1543 1182 1591 1216 fe-

421 1243 514 1277 runt,
533 1249 640 1282 grave
658 1243 692 1270 et
710 1238 898 1270 eruditum.
950 1237 1030 1282 Ego
1047 1249 1118 1271 non
1135 1237 1219 1270 vidi.

277 1297 380 1329 Sedet
396 1295 519 1332 adhuc,
538 1299 572 1326 et
590 1294 766 1326 ecclesiam
785 1304 883 1325 suam
901 1293 956 1336 pie
975 1293 1190 1336 fideliterque
1208 1293 1441 1327 administrat.

485 1388 805 1423 BENEDICTUS
831 1387 1200 1421 CHELYDONIUS.
1252 1387 1332 1421 316.

231 1463 495 1495 BENEDICTUS
509 1461 757 1504 Chelydonius‚
780 1460 885 1494 abbas
903 1459 1029 1492 Scotici
1048 1459 1091 1491 ad
1108 1457 1282 1491 Viennam
1300 1458 1338 1491 in
1355 1458 1503 1494 Austria
1520 1473 1590 1495 mo-

230 1518 383 1557 nasterii,
414 1518 469 1550 vir
491 1518 569 1560 pius
593 1522 628 1549 et
651 1517 818 1555 eruditus,
843 1517 878 1549 in
906 1526 1010 1559 quem
1035 1514 1225 1547 honorifica
1250 1516 1441 1548 multorum
1467 1522 1588 1551 extant

230 1575 351 1618 elogia,
370 1574 429 1606 sed
445 1573 596 1606 maxime
614 1572 717 1605 Eckii
734 1572 898 1616 theologi,
918 1582 996 1605 cum
1014 1582 1083 1614 quo
1105 1575 1201 1604 arcta
1224 1570 1462 1605 familiaritate
1487 1574 1586 1607 vixit.

230 1629 376 1672 Scripsit
393 1634 427 1662 et
445 1628 604 1672 vulgavit

373 1685 504 1718 Contra
522 1684 717 1716 Lutherum
735 1683 945 1726 Apostatam
1095 1683 1155 1715 lib.
1176 1691 1200 1715 Ι.

374 1741 527 1773 Bandini
545 1740 586 1772 de
605 1739 722 1772 Rebus
741 1740 962 1784 Theologicis
1093 1739 1151 1771 lib.
1173 1747 1224 1771 IV.
1245 1739 1373 1782 publici
1388 1740 1479 1784 juris
1495 1740 1585 1773 fecit.

277 1797 454 1830 Scribebat
471 1807 562 1829 anno
582 1804 731 1829 MDXIX.

690 1891 985 1924 CORNELIUS.
1037 1892 1118 1926 317.

230 1964 462 1997 CORNELIUS
480 1969 707 2008 cognomento
726 1963 948 2001 Hibernicus,
966 1963 1059 2006 quod
1077 1963 1113 1995 in
1132 1963 1307 1996 montibus
1323 1963 1457 1997 Scotiae
1472 1969 1585 2003 natus,

231 2020 323 2063 quod
348 2031 456 2064 genus
482 2020 662 2052 hominum
689 2025 724 2052 et
749 2020 831 2052 olim
858 2024 962 2062 atque
993 2020 1184 2052 etiamnum
1218 2019 1319 2052 hodie
1353 2019 1500 2053 Hiberni
1532 2023 1586 2053 vel

233 2076 478 2108 Hibernienses
496 2076 611 2108 vocari
630 2076 734 2108 soliti.
785 2075 932 2118 Scripsit

376 2131 551 2164 Historias
570 2130 722 2163 Scoticae
744 2129 904 2175 [Gentis]
1011 2131 1069 2164 lib.
1086 2140 1109 2164 Ι.
1130 2130 1210 2164 Non
1229 2132 1300 2164 vidi
1319 2143 1416 2175 opus,
1437 2133 1494 2165 sed
1510 2133 1585 2165 imi-

422 2187 488 2220 tari
511 2197 588 2218 eum
607 2186 775 2219 Boethius
797 2198 866 2219 non
888 2197 958 2219 uno
981 2188 1054 2220 loco
1078 2199 1113 2221 se
1136 2187 1276 2226 fatetur,
1303 2193 1336 2221 et
1361 2189 1470 2222 multa
1494 2188 1585 2232 frag-

421 2246 538 2274 menta
556 2241 677 2273 ruinae
694 2242 827 2274 exortia
844 2243 936 2284 apud
954 2253 1018 2275 me.

277 2297 414 2330 Floruit
431 2307 521 2330 anno
541 2305 693 2330 MCLXV.
