1861 2682
558 278 728 311 GENTIS
752 277 1022 315 SCOTORUM,
1048 277 1133 309 LIB.
1160 279 1184 309 1.
1512 282 1547 310 31

653 427 687 460 S.
714 426 980 460 AUGURIUS.
1033 427 1089 459 40.

188 542 222 574 S.
249 540 471 580 AUGURIUS,
498 540 685 585 Augulius,
711 538 836 578 Aulus,
863 538 1036 583 Augulus,
1064 539 1119 571 vir
1142 539 1392 578 sanctissimus,
1419 540 1546 583 episco-

187 601 308 640 patum
332 596 369 629 in
392 596 578 630 Britannia
600 596 718 641 gessit,
742 596 778 628 id
795 599 858 633 est,
882 594 1007 633 Scotia,
1025 605 1106 628 nam
1124 605 1164 627 eo
1182 595 1297 627 seculo
1314 595 1401 628 nulli
1421 595 1457 629 in
1475 595 1549 630 An-

187 653 258 697 glia
281 651 484 691 Christiani,
510 653 681 696 siquidem
705 652 818 695 prima
840 651 1011 695 evangelii
1036 651 1186 694 receptio
1210 656 1411 691 evanuerat,
1429 662 1491 685 nec
1509 652 1545 686 S.

187 707 423 752 AugustinuS,
447 708 542 741 illius
563 709 677 753 gentis
700 708 937 741 sanctissimus
962 708 1148 750 apostolus,
1173 707 1372 746 advenerat,
1395 712 1436 741 ut
1459 708 1548 741 clare

189 764 357 797 successio
381 765 548 807 temporis
575 765 716 798 indicat.
768 763 987 796 Hunibertus
1013 773 1096 795 sane
1122 762 1256 802 Scotus,
1284 763 1433 805 scriptor
1458 764 1548 797 anti-

187 820 386 863 quissimus,
405 820 441 852 in
460 831 523 853 sua
542 820 712 859 Historia,
730 820 805 864 ejus
823 819 859 852 in
882 818 996 852 Scotia
1020 818 1163 857 labores,
1187 818 1490 862 praedicationem,
1515 825 1548 853 et

188 875 355 908 miracula
372 875 517 908 extollit.
569 875 716 919 Scripsit

334 931 387 963 De
406 930 492 963 Fide
508 931 699 975 plantanda
1061 929 1120 962 lib.
1141 938 1165 963 1.

336 986 389 1019 De
408 986 509 1031 Fuga
526 986 780 1019 Persecutionis
1058 985 1117 1018 lib.
1137 993 1162 1017 1.

236 1042 365 1075 Passus
390 1047 442 1075 est
467 1041 650 1086 Augustae
676 1042 713 1074 in
739 1042 925 1075 Britannia
950 1049 1021 1073 vn.
1048 1041 1232 1074 Februarii
1264 1052 1354 1075 anno
1387 1050 1546 1076 CCCLXI.

188 1097 348 1137 Ghinius,
367 1097 621 1137 Genebrardus,
641 1097 835 1131 Usuardus.
878 1097 1150 1130 Wandelbertus
1170 1097 1388 1132 Prumiensis
1405 1107 1412 1131 :

480 1151 604 1187 Augule,
619 1152 743 1189 septenis
756 1151 894 1180 mundum
909 1151 1043 1180 vincendo
1057 1151 1222 1189 triumphas.

237 1206 373 1239 Colitur
391 1214 460 1238 vn.
480 1205 674 1239 Februarii.

660 1300 705 1341 S.
721 1300 962 1334 AURELIA.
1014 1303 1072 1334 41.

187 1373 223 1406 S.
248 1373 450 1412 AURELIA,
478 1372 731 1406 Ursulanarum
755 1383 836 1411 una,
859 1383 939 1406 cum
962 1372 1064 1405 sociis
1087 1382 1189 1415 passa
1212 1383 1282 1406 non
1306 1379 1368 1414 est,
1392 1377 1450 1409 sed
1473 1376 1548 1410 Deo

189 1429 407 1472 permittente
437 1429 626 1473 majoribus
657 1429 833 1461 laboribus
863 1432 1050 1467 reservata,
1080 1429 1227 1462 eundem
1253 1433 1369 1463 tamen
1394 1430 1549 1466 felicissi-

188 1495 285 1517 mum
311 1484 414 1517 finem
439 1489 492 1517 est
517 1485 651 1524 sortita,
677 1485 872 1528 coliturque
898 1492 966 1518 XV.
995 1484 1118 1518 Octob.
1174 1484 1301 1519 Petrus
1326 1486 1487 1522 canisius
1512 1488 1550 1522 in

189 1540 454 1585 Martyrologio.

235 1595 361 1629 Annus
379 1607 458 1629 cum
475 1596 552 1629 aliis
571 1596 764 1629 communis
783 1603 919 1629 cDLIV.

627 1691 662 1724 S.
688 1689 1004 1725 AUTBERTUS.
1056 1693 1112 1726 42.

188 1762 223 1795 S.
250 1762 506 1802 AUTBERTUS,
532 1763 712 1806 episcopus
738 1762 928 1802 Cameraci,
958 1775 1029 1797 non
1059 1763 1194 1804 Scotus,
1224 1766 1284 1799 sed
1309 1766 1547 1809 pientissimus

190 1817 370 1851 Scotorum
400 1818 697 1863 peregrinantium
727 1823 905 1862 susceptor
933 1824 968 1853 et
996 1821 1146 1863 hospes:
1183 1821 1233 1854 sic
1261 1822 1353 1855 enim
1384 1822 1546 1856 Molanus

191 1872 347 1906 Indiculo
366 1874 424 1907 SS.
445 1874 558 1919 Belgii
576 1885 656 1918 pag.
676 1883 760 1907 XIV.
780 1879 800 1893 “
815 1874 848 1907 S.
864 1875 1049 1916 Autberto,
1068 1877 1227 1920 episcopo
1245 1877 1496 1918 Cameracensi,
1511 1889 1547 1911 se

191 1929 427 1972 adjunxerunt
444 1931 545 1963 multi
567 1931 746 1973 apostolici
768 1931 1020 1973 praedicatores
1042 1943 1085 1965 ex
1108 1932 1224 1966 Scotia
1247 1937 1281 1966 et
1304 1933 1447 1966 Gallia.'’
1496 1933 1547 1967 Et

189 1984 278 2017 hanc
296 1986 444 2029 gratiam
463 1985 592 2029 hospiti
610 1997 673 2019 suo
690 1985 806 2019 Seotia
823 1988 971 2030 reponit,
990 1988 1232 2021 beneficiorum
1248 2000 1392 2022 memor.

239 2039 334 2073 Haec
368 2041 559 2084 agebantur
592 2042 682 2075 circa
716 2053 862 2087 regnum
897 2042 1115 2086 Ferquhardi
1150 2043 1197 2077 ΙΙ.
1233 2043 1414 2078 Scotorum
1444 2045 1546 2090 regiS‚

189 2106 281 2128 anno
299 2104 463 2128 DCXLVI.

633 2191 668 2224 S.
693 2191 993 2227 ANATOLIUS.
1046 2196 1103 2228 43.

191 2263 225 2296 S.
257 2262 498 2296 ANATOLIUS
527 2274 569 2296 ex
600 2274 719 2296 eorum
749 2263 930 2297 Scotorum
963 2275 1119 2305 numero,
1154 2267 1214 2310 qui
1246 2266 1486 2300 Innocentium
1518 2267 1546 2299 Ι.

189 2318 385 2362 pontificem
416 2319 536 2358 secuti,
568 2323 609 2352 ut
639 2318 811 2353 Mantissa
837 2319 1040 2363 Apparatus
1072 2321 1249 2357 Historiae
1279 2322 1432 2356 Scoticae
1465 2332 1543 2367 pag.
