1861 2682
299 253 361 282 216
671 254 894 286 HISTORIA
919 254 1217 286 ECCLESIASTI
1224 255 1282 285 CA

302 345 375 377 sine
393 345 525 389 ingenti
543 350 692 387 stupore,
711 349 922 386 repererunt,
940 348 980 376 ut
998 345 1065 375 viri
1083 345 1213 376 nobiles
1231 349 1265 377 et
1288 345 1468 377 clarissimi
1492 345 1650 380 Andreas

301 400 463 432 Leslaeus
482 405 515 432 et
534 400 706 433 Robertus
725 400 892 442 Boydius,
911 399 1041 431 alumni
1060 399 1205 442 Collegii
1229 399 1409 432 Scotorum
1433 400 1593 439 Romani,
1617 407 1651 434 et

300 456 488 488 doctissimi
506 456 596 488 cives
615 456 692 493 mei,
711 456 982 492 admonuerunt3
1001 458 1035 486 et
1048 454 1250 486 miraculose
1268 454 1311 486 ab
1329 465 1367 486 eo
1385 456 1533 488 sanitate
1547 456 1651 489 dona-

300 516 374 544 tum
403 511 589 549 infirmum,
618 513 722 544 allata
752 511 794 542 ad
822 521 898 542 eum
926 514 1022 551 parte
1046 509 1162 546 vestis,
1189 510 1232 540 ad
1256 520 1310 542 me
1334 510 1454 542 scribit
1480 510 1651 543 Patricius

300 566 537 605 Andersonus,
566 567 744 599 Societatis
773 565 795 596 J
798 576 858 597 esu
887 565 1078 608 theologus,
1108 564 1346 607 philosophus,
1376 566 1650 604 mathematicus,

301 632 390 654 unus
408 623 518 654 instar
536 623 700 654 omnium.
752 621 802 652 Ut
820 621 923 652 semel
941 620 1062 657 dicam,
1086 619 1153 651 fuit
1171 625 1309 653 sanctus
1330 621 1386 652 hic
1410 622 1552 653 antistes
1577 622 1651 665 dig-

300 678 472 715 nissimus,
491 678 549 720 qui
568 678 604 709 in
622 676 767 708 Lutheri
787 681 941 718 tempora
958 675 1157 713 incurreret,
1180 679 1219 707 ut
1243 676 1300 717 pia
1325 676 1398 708 vita
1421 676 1563 718 impiam
1582 687 1650 708 sec-

301 738 371 764 tam
390 732 623 764 confunderet.
675 731 820 773 Scripsit

444 787 574 820 Contra
592 787 792 819 Haereticos
812 786 1001 818 Germanos
1259 785 1317 818 lib.
1339 794 1362 817 1.

442 842 495 875 De
513 842 668 875 Ecclesia
685 842 924 874 Aberdonensi
1257 841 1315 873 lib.
1336 851 1360 874 1.

347 899 492 931 Creatus
509 899 687 941 episcopus
706 909 795 930 anno
811 905 977 929 MDXIIX.
997 907 1112 928 mense
1129 895 1153 927 J
1155 896 1256 935 unio;
1278 897 1416 939 quando
1430 897 1565 935 obierit,
1579 909 1648 930 non

298 956 418 998 reperi.

688 1063 989 1098 GAUFREDUS
1014 1062 1130 1095 DUN.
1182 1065 1263 1099 395.

299 1178 545 1211 GAUFREDUS
563 1176 656 1215 Dun,
683 1187 743 1208 seu
767 1175 943 1213 Dunaeus,
971 1173 1239 1212 Aberdonensis,
1265 1174 1425 1207 Lutetiae
1449 1175 1508 1207 diu
1533 1175 1648 1208 docuit

299 1245 423 1278 magna
451 1234 505 1266 sui
535 1238 569 1265 et
598 1233 730 1275 patriae
759 1232 862 1268 fama,
889 1231 1084 1273 ibidemque
1107 1235 1326 1269 rectoratum,
1351 1241 1547 1273 supremum
1573 1243 1647 1264 aca-

298 1290 428 1322 demiae
446 1289 602 1332 gradum,
621 1287 778 1320 concordi
797 1287 961 1329 suffragio
978 1287 1101 1330 gessit;
1121 1291 1195 1318 tum
1214 1287 1328 1328 opimo
1345 1286 1381 1318 in
1399 1286 1522 1330 Belgio
1539 1298 1648 1319 sacer-

298 1346 392 1377 dotio
410 1345 567 1382 donatus,
586 1348 625 1375 ut
643 1343 837 1379 admoneor,
856 1352 876 1373 a
894 1340 1030 1373 Geusiis
1048 1342 1208 1373 scelerate
1231 1341 1474 1379 saevientibus,
1499 1353 1561 1384 pro
1583 1342 1648 1374 fide

298 1402 535 1442 interemptus,
549 1400 642 1443 jacet
656 1398 828 1435 Gorcomi,
842 1402 882 1429 ut
895 1398 931 1429 in
946 1396 1099 1429 Theatro
1114 1395 1368 1429 Crudelitatum
1385 1396 1647 1430 Haereticorum

297 1467 374 1500 pag.
395 1464 492 1488 Lux.

348 1511 475 1543 Passus
493 1515 544 1543 est
562 1521 651 1542 anno
671 1517 865 1541 MDLxxn.

704 1619 969 1653 PATRICIUS
995 1618 1110 1651 DUN.
1163 1617 1243 1655 396.

301 1735 516 1767 PATRICIUS
545 1733 638 1772 Dun,
674 1732 861 1765 medicinae
891 1732 1019 1769 doctor,
1053 1730 1335 1773 philosophorum
1369 1734 1403 1762 et
1437 1730 1645 1763 medicorum

301 1791 354 1823 sui
379 1790 482 1823 seculi
507 1790 593 1822 nulli
617 1789 796 1825 secundus,
819 1788 854 1819 in
877 1786 992 1819 Scotia
1013 1787 1203 1829 praeclaras
1227 1790 1316 1818 artes
1342 1786 1472 1824 didicit,
1499 1797 1584 1828 quas
1610 1788 1645 1819 in

300 1846 412 1879 Gallia
441 1851 475 1879 et
503 1845 688 1878 Germania
717 1845 873 1881 doceret;
905 1853 984 1874 nam
1015 1847 1048 1874 et
1079 1841 1289 1885 Rhotomagi
1319 1841 1582 1884 philosophiam,
1613 1847 1646 1875 et

300 1901 504 1934 Cenomanis
538 1901 712 1943 politiores
742 1900 870 1936 literas,
908 1903 942 1930 et
975 1897 1130 1930 Basileae
1163 1907 1292 1928 sacram
1328 1897 1483 1940 linguam
1517 1897 1644 1938 profes·

301 1967 381 1990 sus:
423 1958 570 1999 indeque
604 1957 640 1988 in
674 1955 811 1987 Italiam
845 1954 1045 1991 adventans,
1086 1952 1186 1984 fidem
1222 1951 1446 1990 Catholicam,
1489 1952 1646 1986 abdicata

300 2013 446 2045 Lutheri
474 2012 659 2054 impietate,
687 2011 875 2052 amplexus,
902 2009 1117 2040 literaturam
1142 2008 1268 2049 pietate
1299 2007 1521 2039 illustriorem
1552 2007 1643 2040 fecit.

301 2068 444 2110 Scripsit

445 2123 497 2155 De
516 2133 596 2154 vera
614 2131 786 2153 sacrarum
807 2119 1003 2151 Literarum
1022 2118 1188 2150 versione
1329 2118 1387 2150 lib.
1409 2127 1432 2150 Ι.
1451 2118 1541 2160 quod
1560 2129 1645 2160 opus

495 2178 612 2221 magni
630 2176 776 2208 faciebat
794 2175 816 2207 J
819 2174 942 2207 acobus
962 2174 1138 2206 Bonaven.
1159 2173 1382 2216 Hepburnus.

449 2233 734 2265 Recollectionem
753 2230 909 2274 Linguae
927 2233 1063 2262 sanctae
1329 2229 1387 2261 lib.
1408 2236 1431 2259 Ι.

353 2289 512 2323 Excessit
529 2299 618 2321 anno
637 2295 796 2319 MDLXX.
