1861 2682
238 252 301 281 5215.)
613 253 837 284 HISTORIA
861 253 1223 285 ECCLESIASTICA

241 344 376 386 quibus,
394 344 492 387 quasi
511 344 616 381 trabe,
635 343 817 385 pependit:
843 353 962 375 verum
981 343 1164 376 Versarius
1182 344 1224 376 ab
1242 355 1281 376 eo
1299 344 1342 376 ad
1360 344 1467 377 vitam
1494 356 1590 380 revo-

242 404 348 437 catus,
368 404 480 432 totum
503 398 751 442 patrimonium
769 398 976 430 monasterio
1000 399 1189 430 extruendo
1207 399 1391 442 dilargitus
1409 404 1470 432 est.
1520 402 1592 434 Nec

241 455 363 487 omitto
386 465 508 497 aprum
531 466 551 486 a
574 453 795 485 venatoribus
816 463 983 494 pressum,
1007 454 1049 485 ad
1073 464 1162 491 euin,
1187 454 1331 486 subsidii
1357 465 1448 498 ergo,
1474 456 1592 488 confu-

240 510 341 554 gisse,
365 515 399 542 et
422 510 640 542 securitatem
663 509 864 550 percepisse.
917 507 1013 540 Haec
1037 508 1160 541 Petrus
1184 509 1243 541 lib.
1269 518 1310 541 ΙΙ.
1335 509 1493 554 Catalogi
1517 523 1590 554 cap.

242 574 370 598 XCHX.
395 571 428 598 et
449 571 529 598 ante
553 575 632 597 eum
654 563 859 596 VIncentius
883 562 1136 596 Bellovacensis
1162 564 1220 596 lib.
1240 573 1360 596 XXIII.
1380 576 1451 607 cap.
1472 575 1513 598 11.
1534 576 1591 599 111.

242 630 292 653 IV.
316 626 463 664 utroque
480 620 650 663 posterior
668 618 838 650 Trithem.
864 618 922 650 lib.
949 627 1006 650 ΙΙΙ.
1030 617 1107 651 Vir.
1132 619 1240 652 illust.
1261 620 1383 652 Ordin.
1404 620 1438 652 S.
1462 621 1591 654 Bened.

240 687 312 718 cap.
332 685 413 708 LXI.
438 676 497 708 ubi
515 685 609 707 error
627 674 669 706 ab
687 674 809 715 operis,
833 678 867 705 et
890 673 1070 706 Luttensis
1093 684 1156 716 pro
1180 674 1368 707 Sutriensis
1392 678 1592 709 monasterii

237 732 341 764 abbas
359 731 495 763 dicitur.
539 730 678 762 Scotum
697 739 769 761 esse
786 729 868 761 haec
885 728 1043 771 probant,
1062 733 1096 761 et
1112 730 1205 772 quod
1223 730 1259 761 in
1272 730 1385 771 patria
1402 729 1436 762 S.
1453 730 1593 763 Colum-

238 787 317 820 bani
336 786 524 828 discipulus
541 785 657 823 fuerit,
676 788 709 817 et
727 784 818 826 quod
835 795 874 816 eo
892 783 1005 827 patria
1018 788 1175 821 exeunte,
1190 784 1263 826 ipse
1277 785 1453 817 debilitate
1465 787 1592 828 pedum

238 843 275 874 in
293 841 478 874 Britannia
494 840 700 877 substiterit,
725 843 765 871 ut
788 839 918 872 laudati
940 843 1096 872 auctores
1120 843 1316 872 testantur:
1343 844 1418 872 tum
1436 842 1540 874 etiam
1558 843 1593 874 id

238 908 306 930 vox
333 897 473 933 indicat,
502 906 580 928 eum
611 906 654 927 ex
681 895 749 927 illis
774 895 1007 927 sacerdotibus
1033 895 1161 927 sanctis
1188 894 1306 934 fuisse,
1332 896 1392 938 qui
1419 898 1593 930 ecclesiam

239 953 407 985 Scoticam
437 952 594 994 exemplo
620 955 655 983 et
685 951 840 983 doctrina
862 949 1062 988 informant,
1087 951 1215 993 quique
1239 950 1362 984 Keldei
1386 962 1446 984 seu
1471 952 1591 986 Culdei

238 1009 330 1047 dicti,
348 1012 388 1040 ut
406 1018 506 1050 saepe
529 1007 594 1040 hoc
617 1016 743 1049 opere;
771 1006 872 1038 sicuti
897 1006 988 1038 enim
1013 1010 1185 1039 nostrates
1209 1005 1322 1039 Deum
1346 1009 1513 1041 colentem
1535 1020 1593 1051 ap-

236 1065 365 1107 pellant
384 1063 564 1101 Keldeum,
590 1063 639 1094 ita
657 1061 779 1094 Graeci
803 1061 1057 1103 Therapeuten,
1082 1060 1201 1093 Latini
1225 1072 1307 1094 vero
1331 1062 1507 1096 Deicolam
1533 1075 1593 1097 no-

236 1121 381 1152 minant.
426 1118 468 1151 In
485 1118 689 1150 universum
706 1128 788 1161 ergo
806 1127 923 1149 omnes
941 1116 1138 1158 primitivae
1156 1121 1190 1149 et
1207 1118 1382 1161 surgentis
1400 1119 1590 1152 adolescen-

236 1174 349 1218 tisque
367 1174 525 1206 ecclesiae
542 1173 635 1216 apud
652 1172 772 1205 Scotos
790 1172 944 1206 doctores
962 1177 1146 1215 patresque
1175 1173 1212 1204 in
1236 1173 1371 1215 triplice
1398 1173 1592 1207 differentia

236 1234 429 1269 censentur,
449 1230 522 1262 sive
539 1229 675 1272 triplice
692 1228 822 1266 ordine,
841 1227 1048 1266 Bardorum,
1067 1226 1265 1270 Druydum,
1284 1227 1506 1261 Keldeorum.
1542 1229 1592 1262 Et

235 1287 420 1329 Druydum
449 1285 618 1329 sanguine
647 1285 813 1317 oriundus
843 1295 863 1316 a
892 1282 1114 1316 Warnefrido
1143 1283 1270 1315 dicitur
1295 1283 1330 1315 S.
1357 1283 1591 1317 columbanus

235 1343 290 1374 hic
305 1353 314 1381 ς
339 1342 490 1374 Keldeus
508 1340 733 1383 proculdubio
751 1343 868 1371 noster
884 1338 1072 1371 censendus
1090 1337 1230 1371 Deicola
1245 1348 1252 1371 :
1278 1340 1386 1372 miror
1403 1350 1490 1382 quae
1508 1340 1591 1372 vici-

237 1408 297 1430 nos
315 1397 450 1430 insania
467 1396 595 1440 tetigit.
647 1394 792 1436 Scripsit

381 1452 602 1493 Manipulum
622 1450 890 1483 Meditationum
1152 1448 1211 1481 lib.
1232 1457 1256 1480 1.

379 1507 558 1550 Epistolas
576 1507 692 1549 plures
1152 1503 1210 1536 lib.
1231 1513 1255 1536 ῐ.

284 1563 419 1596 Claruit
437 1573 527 1595 anno
547 1570 639 1594 DXC.
670 1560 806 1593 Colitur
823 1568 925 1592 XIIX.
940 1558 1083 1592 Januar.
1115 1558 1232 1591 Uvion
1248 1559 1307 1591 lib.
1328 1568 1385 1592 111.
1416 1560 1591 1604 Martyro-

236 1620 367 1664 logium
374 1618 572 1662 Anglicum.
602 1617 782 1660 Reliquiae
794 1617 836 1648 ad
846 1615 880 1648 S.
889 1615 1020 1653 Crucis,
1034 1614 1154 1647 baculo
1166 1616 1418 1659 peregrinantis
1430 1616 1590 1653 inclusae,

237 1684 294 1707 111.
313 1674 335 1707 J
337 1685 391 1707 an.
411 1674 620 1706 colebantur.

732 1768 766 1800 S.
793 1765 963 1799 DARIA.
1014 1768 1094 1802 387.

236 1843 270 1875 S.
290 1842 347 1874 DA
355 1851 423 1874 RIA
436 1842 545 1885 virgo,
560 1841 594 1873 S.
616 1840 779 1884 Brigidae
797 1839 917 1871 Scotae
934 1838 1097 1881 aequalis,
1112 1842 1155 1876 et,
1170 1842 1209 1870 ut
1223 1837 1393 1875 existimo,
1407 1839 1565 1871 monialis
1580 1849 1588 1877 3

238 1899 328 1931 illius
352 1899 388 1929 in
406 1897 489 1930 Vita
513 1897 604 1929 enim
630 1908 650 1929 a
674 1895 837 1939 Cogitoso
863 1894 998 1936 Nepote
1024 1898 1245 1930 memoratur,
1271 1900 1310 1925 ut
1337 1893 1443 1926 refert
1469 1893 1590 1926 Surius

236 1960 319 1986 tom.
340 1962 363 1984 Ι.
383 1964 443 1985 nec
461 1954 501 1985 de
519 1964 559 1985 ea
576 1952 754 1995 quippiam
772 1950 919 1992 amplius
937 1950 1023 1992 lego.

285 2009 447 2041 Florebat
459 2008 547 2040 circa
559 2018 687 2040 annum
697 2014 794 2038 DXX.
813 2004 896 2037 Dies
907 2005 1070 2041 incertus,
1082 2004 1148 2036 nisi
1158 2014 1234 2036 cum
1247 2003 1281 2036 S.
1291 2003 1436 2048 Brigida
1447 2005 1589 2037 colatur.

696 2115 730 2148 S.
758 2114 1004 2148 DONATUS.
1056 2117 1136 2147 388.

238 2232 272 2265 S.
299 2231 492 2264 DONATUS
518 2230 707 2272 episcopus,
738 2227 849 2260 socius
881 2227 915 2259 S.
943 2226 1103 2259 cathaldi
1127 2226 1276 2269 episcopi
1303 2225 1496 2263 Tarentini,
1527 2227 1591 2263 vel,

238 2293 277 2321 ut
313 2288 370 2321 alii
404 2286 627 2329 probabilius,
662 2284 780 2323 frater,
824 2294 901 2316 cum
942 2294 981 2315 eo
1024 2282 1138 2315 Scotia
1180 2292 1348 2326 egressus,
1387 2280 1591 2313 Hiberniam
