1861 2682
599 280 772 312 GENTIS
796 277 1066 316 SCOTORUM,
1092 277 1178 309 LIB.
1205 277 1248 308 11.
1567 279 1607 308 89

293 374 504 417 Martyrium
518 383 639 416 passus
652 377 704 406 est
719 372 774 406 die
788 379 937 405 XXVIII.
956 369 1044 403 Maii
1059 380 1149 404 anno
1162 368 1284 403 salutis
1301 375 1476 401 MDXLVI.
1492 379 1512 401 a
1525 379 1604 413 rege

246 431 410 463 Franciae
429 429 633 473 Miropiensi
657 429 857 472 episcopatu
879 428 1038 460 donatus.
1090 425 1240 471 Sanguis
1263 424 1364 458 occisi
1388 435 1406 458 e
1430 424 1603 467 lapidibus

244 486 413 519 fenestrae
431 486 498 519 elui
516 485 689 529 delerique
706 484 839 528 nequit.

658 596 693 629 S.
720 593 1055 629 BARBANTIUS.
1109 595 1188 626 155.

245 710 280 741 S.
300 708 563 741 BARBANTms
581 707 714 747 Scotus,
733 708 768 740 S.
787 707 986 740 Maxentiae
1009 706 1190 740 Scotorum
1215 706 1307 750 regis
1331 705 1420 738 filiae
1444 705 1605 743 famulus,

245 775 323 797 cum
341 775 390 802 ea,
409 765 618 807 pertinacem
635 764 805 797 castitatis
822 773 973 796 amorem
992 763 1160 805 amplexa,
1185 762 1299 805 patria
1321 771 1490 806 egressus,
1514 760 1606 793 labo-

247 831 324 853 rum
342 831 381 853 ac
399 820 558 864 martyrii
583 820 764 863 particeps,
790 824 830 852 ut
852 819 911 852 lib.
930 827 1003 852 XII.
1029 817 1120 851 infra
1142 818 1207 851 hoc
1231 828 1333 861 opere
1357 822 1490 861 agetur,
1514 822 1548 850 et
1566 817 1607 850 de

247 888 286 909 eo
300 876 555 909 Bellovacensis
572 876 731 909 ecclesiae
748 880 835 915 acta,
855 879 890 909 et
910 874 1087 908 Robertus
1104 873 1330 907 Bucklandus
1349 874 1385 906 in
1400 872 1511 905 claris
1530 872 1610 905 Mu-

246 932 397 965 lieribus.

296 987 424 1020 Passus
457 998 534 1021 cum
569 987 708 1021 domina
741 997 803 1020 sua
837 987 873 1020 in
905 985 1063 1019 Picardia
1092 985 1146 1018 die
1181 992 1294 1018 xxn'.
1327 985 1487 1018 Octobris
1519 994 1608 1017 anno

250 1052 424 1077 Dccxeu.

699 1142 733 1173 S.
760 1139 1024 1174 BARVITUS.
1080 1137 1158 1172 156.

246 1212 282 1243 S.
309 1211 528 1249 BAvaTUS‚
553 1210 727 1244 confessor
751 1211 910 1250 eximius,
937 1212 1036 1256 cujus
1059 1217 1094 1244 et
1117 1210 1326 1244 sanctissimi
1350 1210 1416 1242 viri
1441 1210 1477 1242 iu
1501 1210 1609 1242 Scoti-

247 1267 408 1299 chronico
426 1267 567 1305 mentio,
585 1265 620 1299 S.
639 1266 819 1299 Brandani
837 1266 1039 1310 discipulus,
1057 1266 1212 1299 omnium
1233 1265 1398 1298 itinerum
1422 1275 1545 1302 comes,
1571 1275 1609 1297 ac

248 1323 386 1356 demum
404 1322 598 1356 sanctitatis
615 1322 799 1365 particeps.
835 1321 858 1354 J
860 1332 891 1355 o.
910 1321 1139 1366 Capgravius.
1180 1321 1230 1354 Ut
1247 1321 1281 1354 S.
1301 1320 1527 1353 Brandanum
1546 1320 1609 1353 hoc

247 1379 365 1412 eodem
383 1378 559 1412 volumine
576 1378 720 1421 probavi
738 1377 880 1411 Scotum
903 1388 987 1416 esse,
1012 1377 1060 1410 ita
1083 1377 1176 1410 hunc
1200 1377 1318 1410 eadem
1342 1376 1475 1409 ratione
1502 1377 1609 1418 liquet

248 1434 381 1468 Scotiae
399 1435 602 1478 adjudicari.
653 1434 809 1477 Scripsit,
828 1434 995 1479 magistro
1013 1433 1210 1476 superstite,

395 1490 447 1522 De
466 1490 643 1523 Brandani
660 1490 779 1524 Rebus
1120 1489 1178 1522 lib.
1200 1499 1223 1522 1.

296 1547 431 1579 Floruit
450 1557 541 1579 anno
560 1554 726 1579 DCLVHI.
753 1546 889 1580 Colitur
905 1546 963 1580 die
980 1555 1017 1579 V.
1035 1545 1058 1578 J
1060 1545 1208 1580 anuarii.

710 1658 746 1691 S.
774 1657 1019 1692 BARREAS.
1072 1661 1150 1694 157.

249 1772 282 1804 S.
303 1772 503 1810 BARREAs,
527 1782 569 1804 ex
592 1770 830 1804 archidiacono
854 1771 1093 1804 Duukeldensi
1117 1777 1252 1804 creatus
1277 1770 1456 1804 Moraviae
1480 1771 1608 1813 episco-

250 1838 325 1870 puS‚
349 1827 575 1860 sanctissimis
598 1826 759 1870 operibus
777 1828 910 1869 plenus,
936 1827 1124 1859 acerrimus
1145 1826 1404 1870 Scripturarum
1427 1831 1607 1859 scrutator.

250 1883 447 1916 Alexander
465 1883 586 1916 Millus
604 1883 640 1915 in
664 1882 824 1916 Historia
843 1882 1098 1915 Dunkeldensis
1117 1882 1301 1916 Ecclesiae.
1354 1882 1498 1925 Scripsit

394 1939 638 1972 Meditationes
1118 1938 1176 1971 lib.
1198 1947 1221 1971 1.

298 1994 423 2027 Annus
450 1995 600 2028 incertus
623 2001 684 2029 est.
736 1995 872 2028 Colitur
896 2003 1016 2027 xxlll.
1040 1994 1206 2038 Augusti,
1231 1999 1265 2027 et
1284 2002 1398 2027 xxiv.
1418 1993 1608 2036 Septembr.

251 2051 541 2094 Mal-tyrologium
575 2051 847 2085 Carthusianum
877 2050 1005 2084 Adami
1044 2049 1262 2083 Walassaris.
1327 2049 1417 2082 Acta
1452 2050 1610 2082 ecclesiae.

251 2106 492 2138 moraviensis.

684 2203 716 2235 S.
743 2203 1045 2238 BARINTHUS.
1100 2206 1177 2236 158.

253 2277 288 2309 S.
308 2275 548 2307 BARINTHUS
566 2274 749 2314 confessor,
775 2274 865 2308 filius
889 2274 1008 2313 Mooh,
1032 2281 1066 2309 et
1090 2276 1126 2308 in
1151 2275 1264 2309 Scotia
1290 2275 1454 2319 magister
1479 2284 1516 2305 ac
1535 2273 1609 2304 doc--

252 2336 308 2364 tor
325 2330 359 2364 S,
380 2330 569 2370 Brandani‚
588 2335 633 2369 et,
652 2335 691 2364 ut
709 2335 804 2374 puto,
823 2330 937 2368 abbas,
955 2331 1092 2374 scripsit

918 2393 945 2417 N
