1861 2682
625 255 797 286 GENTIS
823 252 1092 289 SCOTORUM,
1119 252 1204 283 LIB.
1230 251 1305 281 Vll.
1586 249 1643 279 331

647 402 842 436 PETRUS
867 401 1148 435 GRYNAEUS.
1201 399 1281 433 621.

288 518 445 550 PETRL's
464 516 646 560 Grynaeus
666 517 860 549 adolescens
875 515 1039 548 Societati
1052 514 1074 546 J
1077 525 1138 547 esu
1156 525 1282 547 nomen
1300 514 1406 552 dedit,
1424 513 1461 545 in
1478 522 1548 555 qua
1567 520 1643 543 cum

286 574 449 615 pietatem
475 573 662 605 eruditioni
686 572 934 616 conjunxisset,
958 571 1188 604 clarissimum
1215 570 1258 603 ab
1282 570 1422 615 ingenio
1444 578 1569 601 nomen
1595 572 1645 599 est

285 629 441 671 adeptus.
495 628 619 664 Edere.
639 633 679 661 ut
697 628 811 666 audio,
830 632 931 670 parat

429 685 482 717 De
500 684 612 717 Scotis
631 684 758 716 sanctis
1157 683 1214 715 lib.
1236 692 1259 715 1.

433 740 485 773 De
504 740 614 773 Scotis
634 739 867 782 Scriptoribus
1156 739 1214 772 lib.
1235 749 1258 772 1.

430 796 482 829 De
499 796 610 829 Scotis
630 796 718 828 bello
736 795 930 828 illustribus
1155 796 1214 829 lib.
1236 805 1259 828 1.

334 852 432 885 Vivit
452 853 563 885 adhuc
582 853 617 884 in
637 852 792 890 Polonia,
810 855 850 884 ut
868 856 963 894 puto,
983 856 1043 885 aut
1061 852 1259 890 Germania,
1278 852 1400 896 ingens
1419 851 1551 893 patriae
1565 861 1646 883 suae

284 910 385 942 decus
404 914 475 942 tam
495 909 595 941 claris
613 908 751 950 scriptis
770 909 960 946 allaturus3
988 908 1077 941 faxit
1094 908 1190 941 Deus
1212 919 1317 951 quam
1342 908 1506 941 citissime
1532 918 1647 950 spera-

285 971 356 997 tam
392 965 519 998 famam
556 965 648 997 edito
685 975 786 1006 opere
822 969 1063 1006 consequatur.
1114 964 1193 1008 Ego
1224 965 1345 998 lubens
1376 965 1412 997 in
1443 964 1507 996 hoc
1537 973 1646 1007 agone

285 1022 440 1063 superari
459 1026 586 1063 optem,
607 1020 661 1052 cui
679 1020 715 1051 in
734 1019 824 1052 votis
843 1019 906 1051 hoc
924 1030 1032 1052 unum
1052 1031 1187 1064 semper
1205 1022 1271 1054 erit
1288 1021 1438 1064 patriam
1462 1020 1589 1058 ornari,
1613 1024 1647 1052 et

285 1077 393 1110 vitam
416 1077 639 1114 merentibus,
666 1077 770 1120 longa
795 1080 991 1118 temporum
1011 1077 1142 1121 injuria
1159 1078 1315 1120 sepultis,
1342 1077 1525 1116 redonari3
1554 1076 1645 1120 quod

284 1143 353 1165 non
371 1132 414 1165 ab
431 1133 498 1165 alio
517 1133 628 1176 magis
647 1132 868 1175 sperandum,
887 1143 991 1176 quam
1011 1144 1030 1165 a
1050 1132 1223 1177 Grynaeo.

624 1244 646 1276 J
648 1243 842 1277 ACOBUS
869 1244 1169 1279 GORDONIUS.
1222 1245 1304 1280 622.

284 1357 307 1389 J
310 1366 460 1390 ACOBUS
479 1357 690 1397 Gordonius,
709 1359 919 1392 marchionis
946 1358 1114 1392 Huntlaei
1139 1364 1297 1403 patruus,
1323 1361 1361 1393 in
1379 1360 1548 1393 Societate
1565 1358 1587 1391 J
1590 1369 1650 1392 esu

285 1415 383 1447 annis
403 1423 438 1446 L.
458 1415 559 1453 vixit,
578 1425 706 1459 magna
723 1415 766 1447 ab
784 1415 925 1459 ingenio
942 1422 1043 1458 parta
1061 1415 1176 1455 fama3
1198 1417 1258 1459 qui
1276 1416 1366 1449 nihil
1383 1416 1518 1459 publice
1536 1415 1651 1458 priva-

287 1471 418 1512 timque
445 1471 574 1508 omisit,
599 1482 668 1513 quo
694 1471 843 1514 hydram
868 1470 1047 1504 haereseos
1073 1471 1274 1515 pestiferam
1300 1474 1337 1505 in
1368 1473 1481 1516 patria
1511 1482 1652 1504 nascen-

286 1533 355 1559 tem
382 1527 469 1559 alter
496 1525 664 1559 Hercules
691 1526 892 1566 conficeret3
924 1527 989 1560 hoc
1015 1528 1072 1560 ille
1098 1528 1242 1561 unicum
1268 1540 1288 1562 a
1313 1529 1389 1562 Deo
1414 1533 1466 1562 tot
1493 1529 1650 1562 laborum

286 1583 479 1624 praemium
510 1582 700 1624 exoptavit,
732 1587 768 1614 ut
802 1582 903 1614 fidem
935 1583 1151 1616 Catholicam
1175 1585 1364 1629 ¹vigentem
1398 1585 1436 1618 in
1469 1597 1508 1618 eo
1543 1595 1650 1629 regno

287 1638 431 1676 videret,
458 1638 527 1670 huc
558 1638 763 1671 immensam
790 1637 960 1671 scribendi
987 1639 1201 1683 docendique
1227 1641 1493 1674 sollicitudinem
1521 1641 1651 1679 retulit,

286 1699 325 1726 ut
351 1695 534 1736 populares
563 1704 644 1726 suos
670 1705 690 1726 a
707 1694 858 1727 tenebris
885 1694 1074 1737 impietatis
1100 1695 1137 1728 in
1163 1701 1317 1739 apertam
1344 1698 1515 1741 evangelii
1541 1698 1652 1729 lucem

287 1750 514 1792 pertraheret.
580 1749 822 1783 Incredibilem
854 1751 947 1783 illius
977 1751 1141 1793 pietatem
1177 1757 1211 1785 et
1238 1753 1467 1786 eruditionem
1502 1754 1539 1785 in
1573 1752 1652 1785 Sco-

287 1806 346 1844 tia,
370 1811 552 1849 praesente
578 1817 670 1851 rege,
695 1806 889 1839 exhibitam
913 1817 990 1839 cum
1021 1807 1200 1841 haereseos
1227 1808 1438 1847 confusione,
1466 1809 1570 1842 habet
1595 1809 1650 1842 Jo.

289 1861 438 1894 Boterus
465 1862 580 1895 Relat.
613 1867 702 1906 part.
737 1871 795 1895 111.
828 1863 886 1895 lib.
920 1872 943 1895 Ι.
975 1874 1053 1907 pag.
1087 1872 1201 1897 LVIII.
1251 1864 1379 1898 Incidit
1409 1877 1449 1898 ea
1478 1865 1652 1898 sathanae

288 1917 485 1962 profligatio
512 1919 549 1951 in
581 1930 711 1951 annum
743 1927 914 1951 MDXCIV.
969 1919 1113 1952 Henrici
1139 1920 1201 1954 IV.
1231 1920 1424 1954 Galliarum
1452 1923 1543 1967 regis
1574 1933 1652 1955 cau-

289 1984 361 2006 sam
396 1973 530 2007 Romae
561 1975 714 2008 animose
746 1976 828 2019 egit,
861 1976 1039 2018 multaque
1068 1976 1109 2009 de
1135 1978 1295 2010 ecclesiae
1321 1977 1519 2012 Gallicanae
1544 1979 1653 2021 privi-

269 2043 274 2049 ·
290 2030 388 2073 legiis
407 2030 582 2063 disseruit.
624 2030 769 2074 Scripsit
788 2042 870 2064 vero
888 2042 1024 2065 summa
1042 2033 1236 2067 eruditione
1254 2034 1365 2067 multa
1382 2045 1496 2077 opera,
1511 2035 1570 2068 sed
1588 2046 1652 2079 ego

291 2090 427 2117 tantum
448 2086 519 2118 vidi

436 2141 616 2175 Summam
636 2142 790 2176 Casuum
809 2144 1049 2179 Conscientiae
1258 2147 1317 2180 lib.
1338 2157 1362 2180 1.

437 2197 666 2243 Theologiam
684 2200 870 2242 positivam
1256 2204 1314 2237 lib.
1336 2213 1359 2237 1.

438 2253 765 2288 Controversiarum
783 2257 893 2290 nostri
911 2256 1023 2291 Seculi
1258 2265 1341 2294 tom.
1362 2270 1385 2293 1.

437 2308 764 2344 controversiarum
1262 2321 1346 2350 tom.
1366 2325 1406 2349 11.
