<?xml version="1.0" encoding="UTF-8"?>
<!DOCTYPE html PUBLIC "-//W3C//DTD XHTML 1.0 Transitional//EN"
    "http://www.w3.org/TR/xhtml1/DTD/xhtml1-transitional.dtd">
<html xmlns="http://www.w3.org/1999/xhtml" xml:lang="en" lang="en">
 <head>
  <title>
</title>
<meta http-equiv="Content-Type" content="text/html;charset=utf-8" />
  <meta name='ocr-system' content='tesseract 3.04.00' />
  <meta name='ocr-capabilities' content='ocr_page ocr_carea ocr_par ocr_line ocrx_word'/>
</head>
<body>
  <div class='ocr_page' id='page_1' title='image "./thomaedempsterih00bann_0075.png"; bbox 0 0 1861 2682; ppageno 0'>
   <div class='ocr_carea' id='block_1_1' title="bbox 594 257 1593 295">
    <p class='ocr_par' dir='ltr' id='par_1_1' title="bbox 594 257 1593 295">
     <span class='ocr_line' id='line_1_1' title="bbox 594 257 1593 295; baseline -0.001 -5"><span class='ocrx_word' id='word_1_1' title='bbox 594 258 764 291; x_wconf 90' lang='lat' dir='ltr'><strong>GENTIS</strong></span> <span class='ocrx_word' id='word_1_2' title='bbox 787 257 1061 295; x_wconf 84' lang='lat' dir='ltr'><strong>SCOTORUM,</strong></span> <span class='ocrx_word' id='word_1_3' title='bbox 1086 258 1173 289; x_wconf 93' lang='lat' dir='ltr'><strong>LIB.</strong></span> <span class='ocrx_word' id='word_1_4' title='bbox 1199 259 1224 289; x_wconf 94' lang='lat'><strong>1.</strong></span> <span class='ocrx_word' id='word_1_5' title='bbox 1573 263 1593 290; x_wconf 88' lang='lat'><strong><em>5</em></strong></span> 
     </span>
    </p>
   </div>
   <div class='ocr_carea' id='block_1_2' title="bbox 227 350 1591 1118">
    <p class='ocr_par' dir='ltr' id='par_1_2' title="bbox 227 350 1591 1118">
     <span class='ocr_line' id='line_1_2' title="bbox 232 350 1588 396; baseline 0.001 -11"><span class='ocrx_word' id='word_1_6' title='bbox 232 357 346 390; x_wconf 86' lang='lat' dir='ltr'><strong>natus,</strong></span> <span class='ocrx_word' id='word_1_7' title='bbox 378 352 413 385; x_wconf 92' lang='lat' dir='ltr'><strong>in</strong></span> <span class='ocrx_word' id='word_1_8' title='bbox 440 350 645 384; x_wconf 87' lang='lat' dir='ltr'><strong>Hiberniam</strong></span> <span class='ocrx_word' id='word_1_9' title='bbox 675 351 845 396; x_wconf 86' lang='lat' dir='ltr'><strong>navigans</strong></span> <span class='ocrx_word' id='word_1_10' title='bbox 870 361 977 394; x_wconf 87' lang='lat' dir='ltr'><strong>paene</strong></span> <span class='ocrx_word' id='word_1_11' title='bbox 1002 361 1122 383; x_wconf 89' lang='lat' dir='ltr'><strong>omnes</strong></span> <span class='ocrx_word' id='word_1_12' title='bbox 1148 350 1192 383; x_wconf 91' lang='lat' dir='ltr'><strong>ad</strong></span> <span class='ocrx_word' id='word_1_13' title='bbox 1217 350 1409 396; x_wconf 87' lang='lat' dir='ltr'>legitimam</span> <span class='ocrx_word' id='word_1_14' title='bbox 1436 351 1588 386; x_wconf 82' lang='lat' dir='ltr'><strong>Paschae</strong></span> 
     </span>
     <span class='ocr_line' id='line_1_3' title="bbox 231 406 1591 441; baseline 0 0"><span class='ocrx_word' id='word_1_15' title='bbox 231 408 506 441; x_wconf 87' lang='lat' dir='ltr'><strong>observationem</strong></span> <span class='ocrx_word' id='word_1_16' title='bbox 546 407 697 440; x_wconf 86' lang='lat' dir='ltr'><strong>induxit.</strong></span> <span class='ocrx_word' id='word_1_17' title='bbox 735 406 984 440; x_wconf 62' lang='lat' dir='ltr'><strong>lVestmonast.</strong></span> <span class='ocrx_word' id='word_1_18' title='bbox 1027 406 1070 439; x_wconf 91' lang='lat' dir='ltr'><strong>ad</strong></span> <span class='ocrx_word' id='word_1_19' title='bbox 1112 417 1241 440; x_wconf 91' lang='lat' dir='ltr'><strong>annum</strong></span> <span class='ocrx_word' id='word_1_20' title='bbox 1280 415 1386 441; x_wconf 86' lang='lat' dir='ltr'><strong>DCCI.</strong></span> <span class='ocrx_word' id='word_1_21' title='bbox 1424 406 1514 441; x_wconf 84' lang='lat' dir='ltr'><strong>Erat</strong></span> <span class='ocrx_word' id='word_1_22' title='bbox 1551 420 1591 441; x_wconf 83' lang='lat' dir='ltr'><strong>ea</strong></span> 
     </span>
     <span class='ocr_line' id='line_1_4' title="bbox 231 461 1590 507; baseline 0.001 -11"><span class='ocrx_word' id='word_1_23' title='bbox 231 463 435 505; x_wconf 82' lang='lat' dir='ltr'>disceptatio</span> <span class='ocrx_word' id='word_1_24' title='bbox 460 463 578 507; x_wconf 91' lang='lat' dir='ltr'><strong>magni</strong></span> <span class='ocrx_word' id='word_1_25' title='bbox 604 467 680 495; x_wconf 89' lang='lat' dir='ltr'><strong>tum</strong></span> <span class='ocrx_word' id='word_1_26' title='bbox 705 462 883 500; x_wconf 87' lang='lat' dir='ltr'><strong>momenti,</strong></span> <span class='ocrx_word' id='word_1_27' title='bbox 907 473 952 494; x_wconf 88' lang='lat' dir='ltr'><strong>an</strong></span> <span class='ocrx_word' id='word_1_28' title='bbox 976 462 1051 505; x_wconf 88' lang='lat' dir='ltr'><strong>ipso</strong></span> <span class='ocrx_word' id='word_1_29' title='bbox 1075 461 1198 495; x_wconf 87' lang='lat' dir='ltr'><strong>Martii</strong></span> <span class='ocrx_word' id='word_1_30' title='bbox 1222 462 1425 505; x_wconf 88' lang='lat' dir='ltr'><strong>plenilunio,</strong></span> <span class='ocrx_word' id='word_1_31' title='bbox 1449 474 1494 496; x_wconf 91' lang='lat' dir='ltr'><strong>an</strong></span> <span class='ocrx_word' id='word_1_32' title='bbox 1520 466 1590 507; x_wconf 86' lang='lat' dir='ltr'><strong>pri-</strong></span> 
     </span>
     <span class='ocr_line' id='line_1_5' title="bbox 229 517 1589 561; baseline 0.001 -10"><span class='ocrx_word' id='word_1_33' title='bbox 229 529 286 551; x_wconf 88' lang='lat' dir='ltr'><strong>ma</strong></span> <span class='ocrx_word' id='word_1_34' title='bbox 303 523 394 551; x_wconf 87' lang='lat' dir='ltr'><strong>most</strong></span> <span class='ocrx_word' id='word_1_35' title='bbox 412 518 641 561; x_wconf 91' lang='lat' dir='ltr'><strong>plenilunium</strong></span> <span class='ocrx_word' id='word_1_36' title='bbox 659 517 853 556; x_wconf 89' lang='lat' dir='ltr'><strong>Dominica,</strong></span> <span class='ocrx_word' id='word_1_37' title='bbox 872 517 1005 550; x_wconf 85' lang='lat' dir='ltr'><strong>Pascha</strong></span> <span class='ocrx_word' id='word_1_38' title='bbox 1023 521 1113 551; x_wconf 87' lang='lat' dir='ltr'><strong>esset</strong></span> <span class='ocrx_word' id='word_1_39' title='bbox 1132 517 1385 557; x_wconf 85' lang='lat' dir='ltr'><strong>celebrandum,</strong></span> <span class='ocrx_word' id='word_1_40' title='bbox 1403 523 1481 552; x_wconf 84' lang='lat' dir='ltr'><strong>orta</strong></span> <span class='ocrx_word' id='word_1_41' title='bbox 1497 530 1589 553; x_wconf 88' lang='lat' dir='ltr'><strong>anno</strong></span> 
     </span>
     <span class='ocr_line' id='line_1_6' title="bbox 230 572 1586 618; baseline 0.002 -12"><span class='ocrx_word' id='word_1_42' title='bbox 230 581 395 606; x_wconf 75' lang='lat' dir='ltr'><strong>DCLXIV.</strong></span> <span class='ocrx_word' id='word_1_43' title='bbox 423 573 591 618; x_wconf 89' lang='lat' dir='ltr'><strong>Sigebert.</strong></span> <span class='ocrx_word' id='word_1_44' title='bbox 618 572 677 607; x_wconf 92' lang='lat' dir='ltr'><strong>Ab</strong></span> <span class='ocrx_word' id='word_1_45' title='bbox 693 574 769 616; x_wconf 89' lang='lat' dir='ltr'><strong>ipso</strong></span> <span class='ocrx_word' id='word_1_46' title='bbox 785 573 900 618; x_wconf 86' lang='lat' dir='ltr'><strong>multa</strong></span> <span class='ocrx_word' id='word_1_47' title='bbox 913 572 1046 606; x_wconf 90' lang='lat' dir='ltr'><strong>Bedam</strong></span> <span class='ocrx_word' id='word_1_48' title='bbox 1063 577 1264 607; x_wconf 89' lang='lat' dir='ltr'><strong>mutuatum</strong></span> <span class='ocrx_word' id='word_1_49' title='bbox 1282 573 1394 618; x_wconf 84' lang='lat' dir='ltr'><strong>Angli</strong></span> <span class='ocrx_word' id='word_1_50' title='bbox 1409 574 1586 615; x_wconf 82' lang='lat' dir='ltr'><strong>fatentur3</strong></span> 
     </span>
     <span class='ocr_line' id='line_1_7' title="bbox 229 628 1587 673; baseline 0.002 -12"><span class='ocrx_word' id='word_1_51' title='bbox 229 630 302 672; x_wconf 89' lang='lat' dir='ltr'><strong>ipse</strong></span> <span class='ocrx_word' id='word_1_52' title='bbox 321 628 428 668; x_wconf 85' lang='lat' dir='ltr'>Beda,</span> <span class='ocrx_word' id='word_1_53' title='bbox 447 629 506 662; x_wconf 94' lang='lat' dir='ltr'><strong>lib.</strong></span> <span class='ocrx_word' id='word_1_54' title='bbox 527 637 579 662; x_wconf 79' lang='lat' dir='ltr'><strong>lv,</strong></span> <span class='ocrx_word' id='word_1_55' title='bbox 597 640 670 672; x_wconf 87' lang='lat' dir='ltr'><strong>cap.</strong></span> <span class='ocrx_word' id='word_1_56' title='bbox 690 637 773 662; x_wconf 78' lang='lat' dir='ltr'><strong>XVI.</strong></span> <span class='ocrx_word' id='word_1_57' title='bbox 824 628 969 672; x_wconf 83' lang='lat' dir='ltr'><strong>Scripsit</strong></span> <span class='ocrx_word' id='word_1_58' title='bbox 987 630 1108 669; x_wconf 87' lang='lat' dir='ltr'><strong>multa,</strong></span> <span class='ocrx_word' id='word_1_59' title='bbox 1126 639 1215 673; x_wconf 85' lang='lat' dir='ltr'><strong>quae</strong></span> <span class='ocrx_word' id='word_1_60' title='bbox 1233 630 1351 662; x_wconf 90' lang='lat' dir='ltr'><strong>omnia</strong></span> <span class='ocrx_word' id='word_1_61' title='bbox 1368 629 1587 665; x_wconf 87' lang='lat' dir='ltr'><strong>Trithemius</strong></span> 
     </span>
     <span class='ocr_line' id='line_1_8' title="bbox 227 684 1586 729; baseline 0.003 -13"><span class='ocrx_word' id='word_1_62' title='bbox 227 694 297 716; x_wconf 90' lang='lat' dir='ltr'><strong>non</strong></span> <span class='ocrx_word' id='word_1_63' title='bbox 314 684 461 723; x_wconf 88' lang='lat' dir='ltr'><strong>viderat,</strong></span> <span class='ocrx_word' id='word_1_64' title='bbox 480 684 529 717; x_wconf 91' lang='lat' dir='ltr'><strong>ait</strong></span> <span class='ocrx_word' id='word_1_65' title='bbox 546 684 678 718; x_wconf 89' lang='lat' dir='ltr'><strong>Anton.</strong></span> <span class='ocrx_word' id='word_1_66' title='bbox 694 684 873 718; x_wconf 89' lang='lat' dir='ltr'><strong>Possevin.</strong></span> <span class='ocrx_word' id='word_1_67' title='bbox 887 684 1021 729; x_wconf 89' lang='lat' dir='ltr'><strong>Appar.</strong></span> <span class='ocrx_word' id='word_1_68' title='bbox 1036 689 1120 719; x_wconf 90' lang='lat' dir='ltr'><strong>tom.</strong></span> <span class='ocrx_word' id='word_1_69' title='bbox 1137 694 1161 718; x_wconf 91' lang='lat'><strong>1.</strong></span> <span class='ocrx_word' id='word_1_70' title='bbox 1200 684 1399 719; x_wconf 88' lang='lat' dir='ltr'><strong>Celebriora</strong></span> <span class='ocrx_word' id='word_1_71' title='bbox 1413 685 1586 720; x_wconf 85' lang='lat' dir='ltr'><strong>habentur</strong></span> 
     </span>
     <span class='ocr_line' id='line_1_9' title="bbox 227 739 449 783; baseline 0 -11"><span class='ocrx_word' id='word_1_72' title='bbox 227 739 301 783; x_wconf 89' lang='lat' dir='ltr'><strong>ejus</strong></span> <span class='ocrx_word' id='word_1_73' title='bbox 320 750 424 783; x_wconf 89' lang='lat' dir='ltr'><strong>opera</strong></span> <span class='ocrx_word' id='word_1_74' title='bbox 440 749 449 773; x_wconf 75' lang='lat' dir='ltr'><em>z</em></span> 
     </span>
     <span class='ocr_line' id='line_1_10' title="bbox 369 795 1586 838; baseline 0.003 -9"><span class='ocrx_word' id='word_1_75' title='bbox 369 795 423 828; x_wconf 89' lang='lat' dir='ltr'><strong>De</strong></span> <span class='ocrx_word' id='word_1_76' title='bbox 456 795 549 830; x_wconf 93' lang='lat' dir='ltr'><strong>Loco</strong></span> <span class='ocrx_word' id='word_1_77' title='bbox 582 796 787 830; x_wconf 88' lang='lat' dir='ltr'><strong>Dominicae</strong></span> <span class='ocrx_word' id='word_1_78' title='bbox 816 797 1035 836; x_wconf 88' lang='lat' dir='ltr'><strong>Nativitatis,</strong></span> <span class='ocrx_word' id='word_1_79' title='bbox 1068 796 1256 836; x_wconf 87' lang='lat' dir='ltr'><strong>Passionis,</strong></span> <span class='ocrx_word' id='word_1_80' title='bbox 1287 802 1322 830; x_wconf 91' lang='lat' dir='ltr'><strong>et</strong></span> <span class='ocrx_word' id='word_1_81' title='bbox 1349 796 1586 838; x_wconf 86' lang='lat' dir='ltr'><strong>Ascensionis,</strong></span> 
     </span>
     <span class='ocr_line' id='line_1_11' title="bbox 416 852 1585 898; baseline 0.003 -14"><span class='ocrx_word' id='word_1_82' title='bbox 416 852 475 885; x_wconf 86' lang='lat' dir='ltr'><strong>lib.</strong></span> <span class='ocrx_word' id='word_1_83' title='bbox 492 861 516 886; x_wconf 90' lang='lat'><strong>1.</strong></span> <span class='ocrx_word' id='word_1_84' title='bbox 556 852 804 886; x_wconf 73' lang='lat' dir='ltr'><strong>VVestmonast.</strong></span> <span class='ocrx_word' id='word_1_85' title='bbox 841 853 940 896; x_wconf 91' lang='lat' dir='ltr'><strong>Opus</strong></span> <span class='ocrx_word' id='word_1_86' title='bbox 954 854 1134 886; x_wconf 88' lang='lat' dir='ltr'><strong>collectum</strong></span> <span class='ocrx_word' id='word_1_87' title='bbox 1148 863 1191 885; x_wconf 89' lang='lat' dir='ltr'><strong>ex</strong></span> <span class='ocrx_word' id='word_1_88' title='bbox 1209 853 1390 897; x_wconf 88' lang='lat' dir='ltr'><strong>colloquiis</strong></span> <span class='ocrx_word' id='word_1_89' title='bbox 1407 853 1585 898; x_wconf 89' lang='lat' dir='ltr'><strong>Arnulphi</strong></span> 
     </span>
     <span class='ocr_line' id='line_1_12' title="bbox 419 907 1582 951; baseline 0.003 -11"><span class='ocrx_word' id='word_1_90' title='bbox 419 908 580 951; x_wconf 86' lang='lat' dir='ltr'><strong>episcopi,</strong></span> <span class='ocrx_word' id='word_1_91' title='bbox 599 918 660 940; x_wconf 90' lang='lat' dir='ltr'><strong>seu</strong></span> <span class='ocrx_word' id='word_1_92' title='bbox 677 907 860 951; x_wconf 90' lang='lat' dir='ltr'><strong>Arculphi,</strong></span> <span class='ocrx_word' id='word_1_93' title='bbox 879 908 929 940; x_wconf 91' lang='lat' dir='ltr'><strong>ait</strong></span> <span class='ocrx_word' id='word_1_94' title='bbox 945 907 1034 940; x_wconf 82' lang='lat' dir='ltr'><strong>Sixt.</strong></span> <span class='ocrx_word' id='word_1_95' title='bbox 1053 907 1195 940; x_wconf 87' lang='lat' dir='ltr'><strong>Senens.</strong></span> <span class='ocrx_word' id='word_1_96' title='bbox 1218 907 1277 941; x_wconf 92' lang='lat' dir='ltr'><strong>lib.</strong></span> <span class='ocrx_word' id='word_1_97' title='bbox 1297 917 1349 941; x_wconf 83' lang='lat' dir='ltr'><strong>IV.</strong></span> <span class='ocrx_word' id='word_1_98' title='bbox 1375 908 1582 943; x_wconf 88' lang='lat' dir='ltr'><strong>Bibliothec.</strong></span> 
     </span>
     <span class='ocr_line' id='line_1_13' title="bbox 418 962 1584 1008; baseline 0.003 -12"><span class='ocrx_word' id='word_1_99' title='bbox 418 963 503 996; x_wconf 87' lang='lat' dir='ltr'><strong>Fuit</strong></span> <span class='ocrx_word' id='word_1_100' title='bbox 543 963 572 996; x_wconf 90' lang='lat' dir='ltr'><strong>is</strong></span> <span class='ocrx_word' id='word_1_101' title='bbox 616 962 784 996; x_wconf 91' lang='lat' dir='ltr'><strong>Metensis</strong></span> <span class='ocrx_word' id='word_1_102' title='bbox 826 963 981 996; x_wconf 85' lang='lat' dir='ltr'><strong>antistes.</strong></span> <span class='ocrx_word' id='word_1_103' title='bbox 1026 962 1111 996; x_wconf 89' lang='lat' dir='ltr'><strong>Vita</strong></span> <span class='ocrx_word' id='word_1_104' title='bbox 1150 963 1194 996; x_wconf 89' lang='lat' dir='ltr'><strong>ab</strong></span> <span class='ocrx_word' id='word_1_105' title='bbox 1233 974 1406 1008; x_wconf 89' lang='lat' dir='ltr'><strong>anonymo</strong></span> <span class='ocrx_word' id='word_1_106' title='bbox 1446 966 1584 1008; x_wconf 76' lang='lat' dir='ltr'><strong>scripta.</strong></span> 
     </span>
     <span class='ocr_line' id='line_1_14' title="bbox 417 1018 1585 1064; baseline 0.003 -13"><span class='ocrx_word' id='word_1_107' title='bbox 417 1019 457 1052; x_wconf 95' lang='lat' dir='ltr'><strong>P.</strong></span> <span class='ocrx_word' id='word_1_108' title='bbox 484 1018 697 1052; x_wconf 75' lang='lat' dir='ltr'><strong>VVarnefrid.</strong></span> <span class='ocrx_word' id='word_1_109' title='bbox 723 1019 782 1052; x_wconf 91' lang='lat' dir='ltr'><strong>lib.</strong></span> <span class='ocrx_word' id='word_1_110' title='bbox 809 1027 863 1051; x_wconf 79' lang='lat' dir='ltr'><strong>VI.</strong></span> <span class='ocrx_word' id='word_1_111' title='bbox 889 1018 985 1052; x_wconf 87' lang='lat' dir='ltr'><strong>Gest.</strong></span> <span class='ocrx_word' id='word_1_112' title='bbox 1010 1018 1209 1064; x_wconf 88' lang='lat' dir='ltr'><strong>Longobar.</strong></span> <span class='ocrx_word' id='word_1_113' title='bbox 1235 1030 1309 1063; x_wconf 84' lang='lat' dir='ltr'><strong>cap.</strong></span> <span class='ocrx_word' id='word_1_114' title='bbox 1335 1029 1370 1053; x_wconf 86' lang='lat' dir='ltr'><strong>V.</strong></span> <span class='ocrx_word' id='word_1_115' title='bbox 1421 1020 1471 1054; x_wconf 87' lang='lat' dir='ltr'><strong>Et</strong></span> <span class='ocrx_word' id='word_1_116' title='bbox 1496 1021 1585 1055; x_wconf 84' lang='lat' dir='ltr'><strong>forte</strong></span> 
     </span>
     <span class='ocr_line' id='line_1_15' title="bbox 419 1074 993 1118; baseline 0 -10"><span class='ocrx_word' id='word_1_117' title='bbox 419 1075 542 1108; x_wconf 87' lang='lat' dir='ltr'><strong>Scotus</strong></span> <span class='ocrx_word' id='word_1_118' title='bbox 557 1085 566 1113; x_wconf 81' lang='lat'><em>3</em></span> <span class='ocrx_word' id='word_1_119' title='bbox 594 1075 672 1107; x_wconf 89' lang='lat' dir='ltr'><strong>vide</strong></span> <span class='ocrx_word' id='word_1_120' title='bbox 689 1074 781 1107; x_wconf 83' lang='lat' dir='ltr'><strong>infra</strong></span> <span class='ocrx_word' id='word_1_121' title='bbox 797 1074 862 1107; x_wconf 92' lang='lat' dir='ltr'><strong>hoc</strong></span> <span class='ocrx_word' id='word_1_122' title='bbox 879 1085 993 1118; x_wconf 87' lang='lat' dir='ltr'><strong>opere.</strong></span> 
     </span>
    </p>
   </div>
   <div class='ocr_carea' id='block_1_3' title="bbox 365 1129 1571 1340">
    <p class='ocr_par' dir='ltr' id='par_1_3' title="bbox 366 1129 1571 1220">
     <span class='ocr_line' id='line_1_16' title="bbox 369 1129 1571 1176; baseline 0.003 -14"><span class='ocrx_word' id='word_1_123' title='bbox 369 1130 422 1163; x_wconf 91' lang='lat' dir='ltr'><strong>De</strong></span> <span class='ocrx_word' id='word_1_124' title='bbox 440 1130 542 1163; x_wconf 88' lang='lat' dir='ltr'><strong>Locis</strong></span> <span class='ocrx_word' id='word_1_125' title='bbox 560 1130 690 1162; x_wconf 80' lang='lat' dir='ltr'><strong>Terrae</strong></span> <span class='ocrx_word' id='word_1_126' title='bbox 707 1129 852 1163; x_wconf 86' lang='lat' dir='ltr'><strong>Sanctae</strong></span> <span class='ocrx_word' id='word_1_127' title='bbox 1137 1132 1196 1165; x_wconf 91' lang='lat' dir='ltr'><strong>lib.</strong></span> <span class='ocrx_word' id='word_1_128' title='bbox 1216 1139 1240 1164; x_wconf 91' lang='lat'><strong>1.</strong></span> <span class='ocrx_word' id='word_1_129' title='bbox 1259 1131 1349 1165; x_wconf 90' lang='lat' dir='ltr'><strong>forte</strong></span> <span class='ocrx_word' id='word_1_130' title='bbox 1365 1132 1457 1166; x_wconf 91' lang='lat' dir='ltr'><strong>idem</strong></span> <span class='ocrx_word' id='word_1_131' title='bbox 1475 1143 1571 1176; x_wconf 83' lang='lat' dir='ltr'><strong>opus.</strong></span> 
     </span>
     <span class='ocr_line' id='line_1_17' title="bbox 366 1184 1246 1220; baseline 0.003 -3"><span class='ocrx_word' id='word_1_132' title='bbox 366 1185 420 1217; x_wconf 88' lang='lat' dir='ltr'><strong>De</strong></span> <span class='ocrx_word' id='word_1_133' title='bbox 438 1184 541 1217; x_wconf 87' lang='lat' dir='ltr'><strong>Statu</strong></span> <span class='ocrx_word' id='word_1_134' title='bbox 559 1184 779 1217; x_wconf 83' lang='lat' dir='ltr'><strong>Hierusalem</strong></span> <span class='ocrx_word' id='word_1_135' title='bbox 1142 1187 1201 1220; x_wconf 85' lang='lat' dir='ltr'><strong>lib.</strong></span> <span class='ocrx_word' id='word_1_136' title='bbox 1222 1196 1246 1220; x_wconf 91' lang='lat'><strong>1.</strong></span> 
     </span>
    </p>

    <p class='ocr_par' dir='ltr' id='par_1_4' title="bbox 368 1240 1245 1284">
     <span class='ocr_line' id='line_1_18' title="bbox 368 1240 1245 1284; baseline 0.003 -11"><span class='ocrx_word' id='word_1_137' title='bbox 368 1240 421 1273; x_wconf 90' lang='lat' dir='ltr'><strong>De</strong></span> <span class='ocrx_word' id='word_1_138' title='bbox 439 1240 608 1274; x_wconf 89' lang='lat' dir='ltr'><strong>Paschate</strong></span> <span class='ocrx_word' id='word_1_139' title='bbox 624 1240 780 1284; x_wconf 88' lang='lat' dir='ltr'><strong>legitimo</strong></span> <span class='ocrx_word' id='word_1_140' title='bbox 1141 1243 1200 1276; x_wconf 92' lang='lat' dir='ltr'><strong>lib.</strong></span> <span class='ocrx_word' id='word_1_141' title='bbox 1220 1252 1245 1276; x_wconf 91' lang='lat' dir='ltr'><strong>I.</strong></span> 
     </span>
    </p>

    <p class='ocr_par' dir='ltr' id='par_1_5' title="bbox 365 1296 1456 1340">
     <span class='ocr_line' id='line_1_19' title="bbox 365 1296 1456 1340; baseline 0.004 -11"><span class='ocrx_word' id='word_1_142' title='bbox 365 1296 546 1340; x_wconf 86' lang='lat' dir='ltr'><strong>Epistolae</strong></span> <span class='ocrx_word' id='word_1_143' title='bbox 1139 1298 1198 1331; x_wconf 89' lang='lat' dir='ltr'><strong>lib.</strong></span> <span class='ocrx_word' id='word_1_144' title='bbox 1219 1307 1243 1332; x_wconf 92' lang='lat'><strong>1.</strong></span> <span class='ocrx_word' id='word_1_145' title='bbox 1294 1299 1456 1334; x_wconf 84' lang='lat' dir='ltr'><strong>Balaeus.</strong></span> 
     </span>
    </p>
   </div>
   <div class='ocr_carea' id='block_1_4' title="bbox 222 1350 1582 1619">
    <p class='ocr_par' dir='ltr' id='par_1_6' title="bbox 222 1350 1582 1619">
     <span class='ocr_line' id='line_1_20' title="bbox 365 1350 1580 1396; baseline 0.006 -12"><span class='ocrx_word' id='word_1_146' title='bbox 365 1351 420 1385; x_wconf 90' lang='lat' dir='ltr'><strong>De</strong></span> <span class='ocrx_word' id='word_1_147' title='bbox 438 1352 564 1385; x_wconf 88' lang='lat' dir='ltr'><strong>Sancto</strong></span> <span class='ocrx_word' id='word_1_148' title='bbox 582 1350 752 1384; x_wconf 88' lang='lat' dir='ltr'><strong>Columbo</strong></span> <span class='ocrx_word' id='word_1_149' title='bbox 775 1350 888 1391; x_wconf 88' lang='lat' dir='ltr'><strong>Scoto,</strong></span> <span class='ocrx_word' id='word_1_150' title='bbox 914 1352 1122 1396; x_wconf 84' lang='lat' dir='ltr'><strong>Presbytero</strong></span> <span class='ocrx_word' id='word_1_151' title='bbox 1145 1358 1180 1387; x_wconf 85' lang='lat' dir='ltr'><strong>et</strong></span> <span class='ocrx_word' id='word_1_152' title='bbox 1202 1353 1418 1394; x_wconf 86' lang='lat' dir='ltr'><strong>Confessore,</strong></span> <span class='ocrx_word' id='word_1_153' title='bbox 1442 1356 1501 1390; x_wconf 87' lang='lat' dir='ltr'><strong>lib.</strong></span> <span class='ocrx_word' id='word_1_154' title='bbox 1522 1366 1580 1391; x_wconf 89' lang='lat'><strong>111.</strong></span> 
     </span>
     <span class='ocr_line' id='line_1_21' title="bbox 414 1407 1523 1452; baseline 0.005 -12"><span class='ocrx_word' id='word_1_155' title='bbox 414 1407 539 1440; x_wconf 87' lang='lat' dir='ltr'><strong>Edidit</strong></span> <span class='ocrx_word' id='word_1_156' title='bbox 557 1407 667 1440; x_wconf 90' lang='lat' dir='ltr'><strong>Henr.</strong></span> <span class='ocrx_word' id='word_1_157' title='bbox 687 1407 848 1441; x_wconf 87' lang='lat' dir='ltr'><strong>Canisius</strong></span> <span class='ocrx_word' id='word_1_158' title='bbox 867 1414 949 1441; x_wconf 91' lang='lat' dir='ltr'><strong>tom.</strong></span> <span class='ocrx_word' id='word_1_159' title='bbox 968 1409 1031 1442; x_wconf 91' lang='lat' dir='ltr'><strong>ult.</strong></span> <span class='ocrx_word' id='word_1_160' title='bbox 1050 1407 1290 1452; x_wconf 88' lang='lat' dir='ltr'><strong>Antiquarum</strong></span> <span class='ocrx_word' id='word_1_161' title='bbox 1307 1409 1523 1445; x_wconf 88' lang='lat' dir='ltr'><strong>Lectionum.</strong></span> 
     </span>
     <span class='ocr_line' id='line_1_22' title="bbox 270 1463 1582 1512; baseline 0.003 -15"><span class='ocrx_word' id='word_1_162' title='bbox 270 1465 368 1497; x_wconf 85' lang='lat' dir='ltr'><strong>Obiit</strong></span> <span class='ocrx_word' id='word_1_163' title='bbox 390 1475 480 1497; x_wconf 89' lang='lat' dir='ltr'><strong>anno</strong></span> <span class='ocrx_word' id='word_1_164' title='bbox 503 1472 707 1497; x_wconf 82' lang='lat' dir='ltr'><strong>Dccxcvn.</strong></span> <span class='ocrx_word' id='word_1_165' title='bbox 732 1464 872 1497; x_wconf 88' lang='lat' dir='ltr'><strong>sedente</strong></span> <span class='ocrx_word' id='word_1_166' title='bbox 895 1464 933 1496; x_wconf 91' lang='lat' dir='ltr'><strong>in</strong></span> <span class='ocrx_word' id='word_1_167' title='bbox 956 1463 1054 1497; x_wconf 87' lang='lat' dir='ltr'><strong>Petri</strong></span> <span class='ocrx_word' id='word_1_168' title='bbox 1077 1464 1240 1498; x_wconf 86' lang='lat' dir='ltr'><strong>cathedra</strong></span> <span class='ocrx_word' id='word_1_169' title='bbox 1264 1464 1395 1510; x_wconf 88' lang='lat' dir='ltr'><strong>Sergio,</strong></span> <span class='ocrx_word' id='word_1_170' title='bbox 1420 1465 1582 1512; x_wconf 87' lang='lat' dir='ltr'><strong>Eugenio</strong></span> 
     </span>
     <span class='ocr_line' id='line_1_23' title="bbox 224 1518 1579 1563; baseline 0.003 -10"><span class='ocrx_word' id='word_1_171' title='bbox 224 1519 287 1553; x_wconf 87' lang='lat' dir='ltr'><strong>VI.</strong></span> <span class='ocrx_word' id='word_1_172' title='bbox 313 1521 350 1553; x_wconf 90' lang='lat' dir='ltr'><strong>in</strong></span> <span class='ocrx_word' id='word_1_173' title='bbox 376 1519 491 1553; x_wconf 89' lang='lat' dir='ltr'><strong>Scotia</strong></span> <span class='ocrx_word' id='word_1_174' title='bbox 515 1518 654 1562; x_wconf 90' lang='lat' dir='ltr'><strong>pacifice</strong></span> <span class='ocrx_word' id='word_1_175' title='bbox 679 1526 858 1563; x_wconf 87' lang='lat' dir='ltr'><strong>regnante.</strong></span> <span class='ocrx_word' id='word_1_176' title='bbox 884 1519 938 1554; x_wconf 92' lang='lat' dir='ltr'><strong>De</strong></span> <span class='ocrx_word' id='word_1_177' title='bbox 963 1520 1054 1554; x_wconf 89' lang='lat' dir='ltr'><strong>mira</strong></span> <span class='ocrx_word' id='word_1_178' title='bbox 1079 1521 1293 1555; x_wconf 89' lang='lat' dir='ltr'><strong>continentia</strong></span> <span class='ocrx_word' id='word_1_179' title='bbox 1317 1521 1415 1556; x_wconf 88' lang='lat' dir='ltr'><strong>Beda</strong></span> <span class='ocrx_word' id='word_1_180' title='bbox 1440 1523 1499 1557; x_wconf 93' lang='lat' dir='ltr'><strong>lib.</strong></span> <span class='ocrx_word' id='word_1_181' title='bbox 1528 1532 1579 1557; x_wconf 81' lang='lat' dir='ltr'><strong>IV.</strong></span> 
     </span>
     <span class='ocr_line' id='line_1_24' title="bbox 222 1573 1072 1619; baseline 0.002 -11"><span class='ocrx_word' id='word_1_182' title='bbox 222 1577 324 1619; x_wconf 80' lang='lat' dir='ltr'><strong>capit.</strong></span> <span class='ocrx_word' id='word_1_183' title='bbox 344 1584 442 1609; x_wconf 77' lang='lat' dir='ltr'>xxv·</span> <span class='ocrx_word' id='word_1_184' title='bbox 496 1574 633 1609; x_wconf 84' lang='lat' dir='ltr'><strong>Colitur</strong></span> <span class='ocrx_word' id='word_1_185' title='bbox 650 1583 767 1609; x_wconf 77' lang='lat' dir='ltr'><strong>XXXI.</strong></span> <span class='ocrx_word' id='word_1_186' title='bbox 785 1573 865 1608; x_wconf 87' lang='lat' dir='ltr'><strong>Jan.</strong></span> <span class='ocrx_word' id='word_1_187' title='bbox 917 1575 1072 1610; x_wconf 88' lang='lat' dir='ltr'><strong>Fordun.</strong></span> 
     </span>
    </p>
   </div>
   <div class='ocr_carea' id='block_1_5' title="bbox 659 1742 1135 1779">
    <p class='ocr_par' dir='ltr' id='par_1_7' title="bbox 659 1742 1135 1779">
     <span class='ocr_line' id='line_1_25' title="bbox 659 1742 1135 1779; baseline 0.002 -3"><span class='ocrx_word' id='word_1_188' title='bbox 659 1743 693 1776; x_wconf 91' lang='lat' dir='ltr'><strong>S.</strong></span> <span class='ocrx_word' id='word_1_189' title='bbox 721 1742 1050 1778; x_wconf 89' lang='lat' dir='ltr'><strong>ADAMANNUS.</strong></span> <span class='ocrx_word' id='word_1_190' title='bbox 1102 1748 1135 1779; x_wconf 81' lang='lat'><strong>4.</strong></span> 
     </span>
    </p>
   </div>
   <div class='ocr_carea' id='block_1_6' title="bbox 220 1856 1576 2294">
    <p class='ocr_par' dir='ltr' id='par_1_8' title="bbox 220 1856 1576 2294">
     <span class='ocr_line' id='line_1_26' title="bbox 223 1856 1576 1896; baseline 0.001 -5"><span class='ocrx_word' id='word_1_191' title='bbox 223 1857 256 1891; x_wconf 90' lang='lat' dir='ltr'><strong>S.</strong></span> <span class='ocrx_word' id='word_1_192' title='bbox 284 1857 561 1895; x_wconf 78' lang='lat' dir='ltr'>ADAMANNUS‚</span> <span class='ocrx_word' id='word_1_193' title='bbox 593 1856 680 1889; x_wconf 91' lang='lat' dir='ltr'><strong>alius</strong></span> <span class='ocrx_word' id='word_1_194' title='bbox 711 1867 731 1889; x_wconf 88' lang='lat' dir='ltr'><strong>a</strong></span> <span class='ocrx_word' id='word_1_195' title='bbox 760 1856 918 1895; x_wconf 91' lang='lat' dir='ltr'><strong>Coludio‚</strong></span> <span class='ocrx_word' id='word_1_196' title='bbox 949 1856 1053 1890; x_wconf 89' lang='lat' dir='ltr'><strong>abbas</strong></span> <span class='ocrx_word' id='word_1_197' title='bbox 1084 1857 1227 1896; x_wconf 59' lang='lat' dir='ltr'><strong>scilicet,</strong></span> <span class='ocrx_word' id='word_1_198' title='bbox 1243 1857 1277 1891; x_wconf 89' lang='lat' dir='ltr'><strong>S.</strong></span> <span class='ocrx_word' id='word_1_199' title='bbox 1304 1857 1509 1893; x_wconf 89' lang='lat' dir='ltr'><strong>Columbani</strong></span> <span class='ocrx_word' id='word_1_200' title='bbox 1540 1862 1576 1893; x_wconf 81' lang='lat' dir='ltr'><strong>in</strong></span> 
     </span>
     <span class='ocr_line' id='line_1_27' title="bbox 222 1911 1576 1956; baseline 0.003 -11"><span class='ocrx_word' id='word_1_201' title='bbox 222 1913 341 1946; x_wconf 89' lang='lat' dir='ltr'><strong>Insula</strong></span> <span class='ocrx_word' id='word_1_202' title='bbox 359 1912 505 1951; x_wconf 87' lang='lat' dir='ltr'><strong>Huensi,</strong></span> <span class='ocrx_word' id='word_1_203' title='bbox 523 1912 608 1951; x_wconf 91' lang='lat' dir='ltr'><strong>sive,</strong></span> <span class='ocrx_word' id='word_1_204' title='bbox 625 1916 666 1945; x_wconf 92' lang='lat' dir='ltr'><strong>ut</strong></span> <span class='ocrx_word' id='word_1_205' title='bbox 684 1912 733 1945; x_wconf 88' lang='lat' dir='ltr'><strong>ait</strong></span> <span class='ocrx_word' id='word_1_206' title='bbox 752 1911 990 1956; x_wconf 88' lang='lat' dir='ltr'><strong>Hieronymus</strong></span> <span class='ocrx_word' id='word_1_207' title='bbox 1008 1913 1140 1953; x_wconf 86' lang='lat' dir='ltr'><strong>Platus,</strong></span> <span class='ocrx_word' id='word_1_208' title='bbox 1160 1914 1219 1947; x_wconf 92' lang='lat' dir='ltr'><strong>lib.</strong></span> <span class='ocrx_word' id='word_1_209' title='bbox 1241 1922 1282 1947; x_wconf 90' lang='lat'><strong>11.</strong></span> <span class='ocrx_word' id='word_1_210' title='bbox 1301 1915 1343 1947; x_wconf 93' lang='lat' dir='ltr'><strong>de</strong></span> <span class='ocrx_word' id='word_1_211' title='bbox 1361 1913 1464 1949; x_wconf 87' lang='lat' dir='ltr'><strong>Statu</strong></span> <span class='ocrx_word' id='word_1_212' title='bbox 1481 1915 1576 1949; x_wconf 89' lang='lat' dir='ltr'><strong>Reli-</strong></span> 
     </span>
     <span class='ocr_line' id='line_1_28' title="bbox 221 1964 1576 2014; baseline 0.004 -14"><span class='ocrx_word' id='word_1_213' title='bbox 221 1969 328 2013; x_wconf 88' lang='lat' dir='ltr'><strong>gioso,</strong></span> <span class='ocrx_word' id='word_1_214' title='bbox 348 1979 420 2011; x_wconf 91' lang='lat' dir='ltr'><strong>cap.</strong></span> <span class='ocrx_word' id='word_1_215' title='bbox 441 1976 541 2000; x_wconf 80' lang='lat' dir='ltr'><strong>xxx.</strong></span> <span class='ocrx_word' id='word_1_216' title='bbox 560 1968 597 2001; x_wconf 91' lang='lat' dir='ltr'><strong>in</strong></span> <span class='ocrx_word' id='word_1_217' title='bbox 615 1968 730 2001; x_wconf 82' lang='lat' dir='ltr'><strong>Scotia</strong></span> <span class='ocrx_word' id='word_1_218' title='bbox 747 1964 861 2001; x_wconf 75' lang='lat' dir='ltr'><strong>abbas.</strong></span> <span class='ocrx_word' id='word_1_219' title='bbox 909 1968 999 2001; x_wconf 87' lang='lat' dir='ltr'><strong>Sunt</strong></span> <span class='ocrx_word' id='word_1_220' title='bbox 1017 1970 1077 2012; x_wconf 91' lang='lat' dir='ltr'><strong>qui</strong></span> <span class='ocrx_word' id='word_1_221' title='bbox 1095 1969 1157 2002; x_wconf 89' lang='lat' dir='ltr'><strong>hos</strong></span> <span class='ocrx_word' id='word_1_222' title='bbox 1176 1970 1411 2010; x_wconf 81' lang='lat' dir='ltr'><strong>confundant3</strong></span> <span class='ocrx_word' id='word_1_223' title='bbox 1438 1977 1576 2014; x_wconf 77' lang='lat' dir='ltr'><strong>separat</strong></span> 
     </span>
     <span class='ocr_line' id='line_1_29' title="bbox 220 2023 1576 2070; baseline 0.004 -14"><span class='ocrx_word' id='word_1_224' title='bbox 220 2031 336 2057; x_wconf 90' lang='lat' dir='ltr'><strong>tamen</strong></span> <span class='ocrx_word' id='word_1_225' title='bbox 357 2023 534 2056; x_wconf 89' lang='lat' dir='ltr'><strong>Arnoldus</strong></span> <span class='ocrx_word' id='word_1_226' title='bbox 556 2023 674 2056; x_wconf 92' lang='lat' dir='ltr'><strong>Uvion</strong></span> <span class='ocrx_word' id='word_1_227' title='bbox 692 2024 750 2057; x_wconf 93' lang='lat' dir='ltr'><strong>lib.</strong></span> <span class='ocrx_word' id='word_1_228' title='bbox 775 2032 833 2056; x_wconf 90' lang='lat'><strong>111.</strong></span> <span class='ocrx_word' id='word_1_229' title='bbox 856 2023 959 2069; x_wconf 90' lang='lat' dir='ltr'><strong>Lign.</strong></span> <span class='ocrx_word' id='word_1_230' title='bbox 978 2024 1081 2058; x_wconf 86' lang='lat' dir='ltr'><strong>Vitae</strong></span> <span class='ocrx_word' id='word_1_231' title='bbox 1098 2036 1177 2070; x_wconf 88' lang='lat' dir='ltr'><strong>pag.</strong></span> <span class='ocrx_word' id='word_1_232' title='bbox 1196 2034 1349 2059; x_wconf 85' lang='lat' dir='ltr'><strong>CCCCVI.</strong></span> <span class='ocrx_word' id='word_1_233' title='bbox 1374 2031 1408 2059; x_wconf 90' lang='lat' dir='ltr'><strong>et</strong></span> <span class='ocrx_word' id='word_1_234' title='bbox 1430 2038 1474 2060; x_wconf 87' lang='lat' dir='ltr'><strong>ex</strong></span> <span class='ocrx_word' id='word_1_235' title='bbox 1497 2027 1576 2061; x_wconf 80' lang='lat' dir='ltr'><strong>Tri-</strong></span> 
     </span>
     <span class='ocr_line' id='line_1_30' title="bbox 221 2078 1576 2123; baseline 0.004 -12"><span class='ocrx_word' id='word_1_236' title='bbox 221 2079 361 2117; x_wconf 91' lang='lat' dir='ltr'><strong>themio,</strong></span> <span class='ocrx_word' id='word_1_237' title='bbox 380 2078 486 2118; x_wconf 89' lang='lat' dir='ltr'><strong>Beda,</strong></span> <span class='ocrx_word' id='word_1_238' title='bbox 504 2079 671 2123; x_wconf 84' lang='lat' dir='ltr'><strong>Sixtoque</strong></span> <span class='ocrx_word' id='word_1_239' title='bbox 689 2079 843 2119; x_wconf 89' lang='lat' dir='ltr'><strong>Senensi,</strong></span> <span class='ocrx_word' id='word_1_240' title='bbox 862 2079 954 2113; x_wconf 87' lang='lat' dir='ltr'><strong>hunc</strong></span> <span class='ocrx_word' id='word_1_241' title='bbox 971 2086 1071 2115; x_wconf 91' lang='lat' dir='ltr'><strong>vocat</strong></span> <span class='ocrx_word' id='word_1_242' title='bbox 1089 2082 1204 2115; x_wconf 88' lang='lat' dir='ltr'><strong>virum</strong></span> <span class='ocrx_word' id='word_1_243' title='bbox 1218 2082 1432 2116; x_wconf 85' lang='lat' dir='ltr'><strong>admirabilis</strong></span> <span class='ocrx_word' id='word_1_244' title='bbox 1449 2083 1576 2117; x_wconf 87' lang='lat' dir='ltr'><strong>doctri-</strong></span> 
     </span>
     <span class='ocr_line' id='line_1_31' title="bbox 220 2135 755 2179; baseline 0 -11"><span class='ocrx_word' id='word_1_245' title='bbox 220 2146 284 2168; x_wconf 86' lang='lat' dir='ltr'><strong>nae</strong></span> <span class='ocrx_word' id='word_1_246' title='bbox 301 2140 336 2167; x_wconf 91' lang='lat' dir='ltr'><strong>et</strong></span> <span class='ocrx_word' id='word_1_247' title='bbox 353 2135 558 2167; x_wconf 85' lang='lat' dir='ltr'><strong>sanctitatis.</strong></span> <span class='ocrx_word' id='word_1_248' title='bbox 609 2135 755 2179; x_wconf 88' lang='lat' dir='ltr'><strong>Scripsit</strong></span> 
     </span>
     <span class='ocr_line' id='line_1_32' title="bbox 364 2189 919 2225; baseline 0.004 -3"><span class='ocrx_word' id='word_1_249' title='bbox 364 2189 417 2223; x_wconf 90' lang='lat' dir='ltr'><strong>De</strong></span> <span class='ocrx_word' id='word_1_250' title='bbox 436 2189 604 2223; x_wconf 86' lang='lat' dir='ltr'><strong>Paschate</strong></span> <span class='ocrx_word' id='word_1_251' title='bbox 621 2191 688 2224; x_wconf 86' lang='lat' dir='ltr'><strong>rite</strong></span> <span class='ocrx_word' id='word_1_252' title='bbox 705 2191 919 2225; x_wconf 88' lang='lat' dir='ltr'><strong>celebrando.</strong></span> 
     </span>
     <span class='ocr_line' id='line_1_33' title="bbox 270 2245 1572 2294; baseline 0.003 -15"><span class='ocrx_word' id='word_1_253' title='bbox 270 2245 431 2280; x_wconf 87' lang='lat' dir='ltr'><strong>Florebat</strong></span> <span class='ocrx_word' id='word_1_254' title='bbox 457 2256 547 2279; x_wconf 87' lang='lat' dir='ltr'><strong>anno</strong></span> <span class='ocrx_word' id='word_1_255' title='bbox 571 2254 721 2279; x_wconf 81' lang='lat' dir='ltr'><strong>DCLxx.</strong></span> <span class='ocrx_word' id='word_1_256' title='bbox 771 2247 908 2281; x_wconf 88' lang='lat' dir='ltr'><strong>Colitur</strong></span> <span class='ocrx_word' id='word_1_257' title='bbox 934 2256 1051 2282; x_wconf 74' lang='lat' dir='ltr'><strong>XXXI.</strong></span> <span class='ocrx_word' id='word_1_258' title='bbox 1078 2248 1157 2283; x_wconf 87' lang='lat' dir='ltr'><strong>Jan.</strong></span> <span class='ocrx_word' id='word_1_259' title='bbox 1185 2255 1219 2283; x_wconf 88' lang='lat' dir='ltr'><strong>et</strong></span> <span class='ocrx_word' id='word_1_260' title='bbox 1249 2258 1369 2284; x_wconf 78' lang='lat' dir='ltr'><strong>XXIII.</strong></span> <span class='ocrx_word' id='word_1_261' title='bbox 1401 2250 1572 2294; x_wconf 86' lang='lat' dir='ltr'><strong>Septemb.</strong></span> 
     </span>
    </p>
   </div>
  </div>
 </body>
</html>
