1861 2682
552 268 724 301 GENTIS
748 267 1019 306 SCOTORUM,
1043 268 1130 299 LIB.
1155 268 1180 299 1.
1505 271 1542 300 15

190 371 309 395 xxnl.
328 373 406 395 eum
425 367 525 395 vocat
543 366 564 380 “
577 361 829 394 nobilissimum
844 361 897 394 sui
912 360 1077 404 temporis
1091 360 1310 405 magistrum,
1324 370 1395 394 non
1407 363 1539 399 suum,''

188 419 279 451 claro
303 422 508 462 argumento
534 417 568 450 id
594 428 667 450 esse
694 417 830 456 falsum,
856 417 1009 460 adeoque
1038 417 1112 460 ipse
1141 416 1238 450 Beda
1263 417 1300 449 in
1329 415 1541 459 praefatione

188 474 358 518 Anglicae
377 472 566 511 Historiae,
585 473 683 505 illum
701 483 771 505 non
788 472 1007 516 discipulum,
1033 473 1092 505 sed
1118 473 1282 517 collegam
1310 472 1448 505 videtur
1465 483 1542 517 cog-

192 538 341 566 noscere,
359 528 547 561 honorifico
569 538 650 560 sane
675 528 808 572 elogi03
835 528 884 561 ita
901 528 993 560 enim
1016 528 1094 561 ille:
1122 532 1144 547 “
1161 527 1296 561 Auctor
1318 532 1398 561 ante
1424 539 1541 561 omnes

187 588 290 626 atque
315 584 455 628 adjutor
476 584 581 628 hujus
600 584 712 626 operis
734 583 910 616 Albuinus
931 584 1036 617 abbas
1058 584 1378 623 reverendissimus,
1403 585 1457 617 vir
1479 595 1540 627 per

187 639 304 672 omnia
321 640 551 679 doctissimus,
572 639 722 673 extitit.'’
771 639 929 672 Certiora
945 650 1028 684 ergo
1045 644 1128 673 sunt
1145 640 1361 683 inquirenda.

234 694 449 733 Quibusdam
468 696 575 728 levita
592 696 700 734 audit,
720 696 796 728 aliis
814 694 918 728 abbas
936 696 1137 729 monasterii
1151 695 1186 728 S.
1202 695 1349 728 Martini
1363 695 1543 728 Turonen-

187 750 244 789 siS,
271 750 331 783 sed
357 750 565 793 praecipuus
590 750 621 784 ei
647 751 769 790 honor,
794 750 909 784 Caroli
936 751 1059 795 Magni
1086 751 1241 784 animum
1265 751 1417 785 scientiis
1447 763 1542 785 exco-

187 806 301 839 luisse.
365 805 481 843 Quare
510 807 699 840 monachus
733 806 965 851 Sangallensis
999 818 1204 851 anonymuS‚
1240 807 1276 839 in
1309 806 1394 841 Vita
1427 807 1541 841 Caroli

187 861 320 905 Magni,
348 860 488 894 honoris
506 873 609 895 causa
625 867 880 905 praeceptorem
898 866 1007 895 vocat.
1059 861 1260 906 Sigebertus
1287 863 1542 897 Gemblacensis

187 916 346 949 Chronic.
366 917 409 949 ad
427 928 556 950 annum
576 926 735 951 Dccxel.
775 922 795 937 “
813 917 984 951 Alcuinus
1002 918 1044 950 de
1062 917 1258 958 Britannia,
1278 920 1444 963 magister
1461 920 1542 952 deli-

185 972 295 1005 tiosus
321 973 412 1017 regis
439 972 554 1006 Caroli
582 972 718 1018 Magni,
746 973 889 1006 scientia
913 974 1094 1006 literarum
1123 976 1314 1018 praepollet
1339 975 1376 1007 in
1402 975 1537 1014 Gallia;

186 1028 284 1071 cujus
314 1028 498 1071 praecipue
528 1029 730 1074 magisterio
761 1030 834 1072 ipse
863 1040 924 1061 rex
953 1040 1071 1062 omnes
1101 1034 1193 1063 artes
1223 1031 1380 1063 liberales
1409 1031 1540 1064 didicit.

186 1083 280 1116 Hinc
296 1084 406 1116 multa
424 1084 594 1127 scripsit‚'’
610 1083 673 1118 &c.
725 1084 780 1117 Sic
797 1085 987 1128 importuni
1005 1085 1174 1125 homines,
1193 1086 1277 1119 dum
1294 1097 1377 1120 suae
1394 1087 1541 1120 nimium

186 1139 340 1181 opinioni
358 1144 533 1178 astruunt,
551 1141 690 1182 penitus
709 1145 882 1174 evertunt.

231 1193 370 1227 Laudat
388 1194 610 1227 Kinehardus
628 1196 665 1228 in
682 1195 768 1229 Vita
785 1196 900 1228 Caroli
919 1196 1041 1241 Magni
1058 1207 1066 1229 z
1093 1202 1113 1216 ‘⁶
1132 1197 1175 1231 In
1192 1198 1354 1231 discenda
1370 1210 1542 1243 gramma-

184 1250 252 1282 tica
269 1248 413 1282 Petrum
431 1249 599 1282 Pisanum
613 1250 688 1294 jam
707 1261 822 1283 senem
841 1252 998 1290 audivit;
1021 1253 1057 1285 in
1075 1254 1219 1286 caeteris
1236 1254 1427 1297 disciplinis
1445 1255 1543 1289 Albi-

183 1315 278 1345 num,
298 1310 525 1349 cognomento
542 1304 744 1343 Alcuinum,
763 1306 945 1339 diaconum
962 1307 1004 1339 de
1024 1307 1217 1347 Britannia,
1236 1310 1351 1342 virum
1369 1311 1544 1344 undecun-

184 1372 250 1404 que
275 1361 524 1399 doctissimum,
547 1366 801 1404 praeceptorem
827 1362 970 1400 habuit3
998 1363 1091 1405 apud
1116 1374 1218 1407 quem
1242 1369 1276 1397 et
1300 1365 1491 1399 rhetoricae
1508 1372 1541 1399 et

185 1417 391 1454 dialecticae,
410 1417 592 1459 praecipue
609 1421 725 1450 tamen
743 1418 992 1451 astronomicae
1009 1419 1219 1458 ediscendae,
1243 1421 1434 1463 plurimum
1458 1427 1542 1455 tem-

184 1473 278 1515 poris
295 1477 329 1505 et
346 1471 472 1504 laboris
490 1472 684 1515 impertivit
700 1482 708 1505 z
734 1473 885 1507 discebat
903 1479 937 1507 et
954 1478 1065 1508 artem
1089 1477 1323 1519 computandi,
1347 1482 1382 1510 et
1404 1478 1543 1512 intenti-

186 1539 250 1561 one
266 1527 380 1572 sagaci
399 1527 550 1560 siderum
570 1539 709 1561 cursum
728 1529 959 1563 curiosissime
977 1530 1202 1564 rimabatur.”
1250 1532 1444 1567 Germanus
1468 1536 1543 1578 qui-

184 1584 274 1622 dam,
286 1583 347 1626 qui
358 1587 497 1626 patrum
510 1584 676 1617 memoria·
685 1585 854 1628 quaedam
865 1585 940 1630 ejus
954 1586 1167 1630 publicavit:
1191 1592 1211 1607 “
1225 1587 1408 1629 Alcuinus,
1424 1596 1543 1624 auctor

185 1639 313 1683 ubique
339 1639 428 1682 pius,
454 1639 583 1683 ubique
601 1640 732 1679 doctus,
752 1641 956 1681 succinctus,
975 1647 1144 1683 maturus,
1166 1645 1294 1689 gravis,
1314 1646 1456 1679 scientia
1473 1648 1543 1690 ple-

184 1706 261 1734 nus,
278 1699 313 1728 et
330 1700 411 1729 ante
432 1707 550 1729 omnes
574 1697 658 1729 alios
682 1708 721 1730 ea
744 1702 856 1731 aetate
878 1698 1004 1743 dignus
1028 1700 1088 1743 qui
1112 1701 1273 1734 manibus
1296 1706 1439 1741 teratur,
1462 1714 1543 1747 gen-

185 1756 220 1783 te
235 1750 369 1789 Scotuz
392 1752 652 1785 conversatione
677 1752 829 1786 Gallus.'’
879 1753 1036 1788 Incertus
1054 1760 1176 1789 auctor
1192 1756 1384 1791 Annalium
1403 1758 1544 1792 Franci-

186 1816 315 1846 corum,
332 1817 353 1840 a
370 1806 476 1840 Petro
494 1807 640 1841 Pithoeo
657 1810 782 1848 editus,
797 1810 840 1843 ad
859 1821 988 1844 annum
1008 1820 1194 1845 Dccxclv.
1213 1817 1234 1831 “
1249 1813 1315 1846 His
1330 1815 1543 1858 temporibus

186 1861 366 1902 Alcuinus‚
385 1869 615 1908 cognomento
631 1865 793 1905 Albinus,
812 1867 996 1900 sanctitate
1013 1872 1047 1900 et
1061 1868 1217 1901 doctrina
1230 1870 1342 1902 clarus
1356 1870 1505 1904 habetur
1516 1873 1544 1904 :’'

185 1917 245 1960 qui
263 1919 357 1952 locus
380 1930 443 1952 nos
466 1920 565 1953 docet
588 1921 734 1954 eundem
758 1933 830 1955 esse
854 1922 1045 1956 Alcuinum
1069 1928 1103 1956 et
1125 1924 1332 1965 Albuinum,
1357 1926 1449 1969 quod
1474 1938 1542 1960 non

186 1974 357 2007 neminem
382 1975 495 2008 torsit.
547 1975 662 2019 Ipsius
688 1977 802 2010 Caroli
831 1977 953 2022 Magni
979 1980 1125 2022 epistola
1147 1985 1243 2013 extat
1266 1981 1303 2013 in
1328 1981 1543 2017 Bibliotheca

186 2028 246 2061 SS.
273 2028 430 2069 patrum,
456 2042 536 2064 eum
562 2043 631 2065 non
656 2034 875 2067 mediocriter
899 2035 1085 2068 laudantis.
1137 2036 1275 2080 Scripta
1299 2038 1374 2082 ejus
1392 2039 1546 2073 eminen-

189 2085 276 2118 tiora
294 2085 377 2118 haec
394 2091 477 2119 sunt
492 2096 500 2119 z

328 2140 477 2174 Divinae
498 2142 671 2177 Historiae
688 2144 863 2179 eorrectio
1001 2147 1059 2181 lib.
1080 2155 1104 2180 1.
1129 2148 1297 2193 Sigebert.
1309 2150 1383 2184 loco
1393 2152 1543 2185 laudato.

329 2196 382 2229 De
399 2196 434 2230 S.
454 2197 629 2232 Trinitate
1003 2203 1061 2236 lib.
1082 2213 1106 2237 1.
1129 2204 1291 2239 hortante
1305 2205 1429 2240 Carolo
1447 2208 1542 2253 Mag.

327 2252 381 2285 De
398 2252 537 2286 Divinis
554 2254 683 2288 Officiis
1002 2259 1060 2292 lib.
1080 2269 1104 2293 1.

329 2307 471 2342 Ordinis
489 2308 638 2343 Romani
656 2310 839 2354 Expositio
1001 2320 1084 2349 tom.
1104 2326 1129 2350 1.
1156 2317 1322 2352 Biblioth.
1341 2319 1401 2353 SS.
1421 2319 1515 2351 Patr.
