1861 2682
349 389 838 446 HISTORIAE
880 385 1622 441 ECGLESIASTICAE

634 493 908 543 GENTIS
946 491 1336 539 SCOTORUM

832 613 1012 653 LIBER
1041 613 1137 653 VII.

747 751 781 783 S.
809 748 1086 783 GALLANUS.
1140 747 1222 782 556.

308 847 341 879 S.
373 845 601 879 COLUMBAE
635 842 795 885 discipuli
830 841 907 874 aliis
941 839 1185 873 eminentiores
1220 848 1292 872 XII.
1335 838 1442 872 fuisse
1483 838 1663 882 perhiberi-¹

308 909 388 943 tur3
415 912 457 934 ex
479 901 534 933 his
559 905 579 919 ‘⁶
597 898 819 935 Scandalaus,
847 896 1050 940 Eoglodius,
1076 895 1265 934 Totaneus,
1292 894 1497 934 Moteferus,
1524 899 1557 928 et
1584 894 1665 928 Gal-=

306 961 416 997 lanus,
436 969 475 990 eo
493 957 528 989 in
548 955 753 989 Hiberniam
772 952 1060 990 transmittente,''
1079 952 1128 984 ait
1147 951 1248 984 Hect.
1268 950 1393 984 Boeth.
1412 950 1472 983 lib.
1492 959 1547 984 lx.
1569 950 1663 984 Hist.

307 1014 398 1047 Scot.
417 1024 497 1057 pag.
517 1019 670 1045 evau.
711 1009 812 1042 Joan.
831 1008 995 1041 Leslaeus
1019 1008 1079 1040 lib.
1099 1016 1151 1040 1v.
1176 1018 1255 1052 pag.
1275 1016 1369 1040 CLII.
1407 1006 1529 1039 Sedem
1555 1011 1665 1039 statu-

306 1077 400 1103 entes
426 1070 463 1102 in
481 1068 567 1101 Iona
590 1067 713 1104 insula,
740 1065 921 1098 Scotorum
949 1063 1196 1107 Pictorumque
1221 1063 1380 1108 regiones
1398 1063 1465 1106 piis
1483 1062 1663 1095 lustrando

306 1125 501 1162 sudoribus,
528 1122 691 1160 docendo,
718 1120 927 1158 disserendo,
954 1119 1143 1158 scribendo,
1169 1124 1358 1162 utrumque
1382 1119 1551 1162 populum
1576 1119 1664 1161 opti-

305 1182 371 1214 mis
397 1180 551 1214 moribus
577 1190 616 1211 ac
642 1177 808 1221 religione
833 1175 1044 1209 imbuerunt.
1095 1174 1180 1208 Fuit
1197 1186 1279 1220 ergo
1296 1176 1332 1207 in
1353 1174 1438 1208 Iona
1455 1175 1570 1207 insula
1587 1173 1664 1207 Sco-

304 1243 420 1270 torum
450 1237 506 1269 hic
536 1235 652 1273 abbas,
683 1234 782 1277 cujus
808 1232 971 1275 frequens
1001 1231 1093 1274 apud
1124 1231 1158 1264 S.
1190 1230 1439 1263 Adamannum
1468 1230 1598 1263 mentio
1627 1230 1664 1262 in

304 1293 389 1326 Vita
406 1293 441 1326 S.
461 1291 660 1329 Columbae,
678 1290 758 1322 licet
776 1288 914 1321 nomine
932 1297 1066 1329 semper
1084 1291 1256 1329 corrupto,
1281 1291 1321 1319 ut
1344 1297 1407 1329 pro
1425 1285 1511 1319 Iona
1528 1287 1665 1330 legatur

305 1350 402 1382 Ioua.
426 1349 503 1381 Lib.
520 1357 545 1380 1.
560 1358 635 1390 cap.
648 1354 721 1378 XII.
737 1349 758 1363 “
770 1344 866 1377 Inter
881 1342 1002 1376 Iouam
1016 1347 1051 1375 et
1064 1341 1227 1375 Ethicam
1239 1343 1268 1381 ;”
1282 1346 1316 1375 et
1330 1352 1403 1384 cap.
1420 1350 1487 1374 XV.
1502 1346 1522 1360 ‘⁶
1534 1341 1613 1384 Ipse
1627 1342 1664 1373 in

306 1405 392 1439 Ioua
410 1405 523 1438 insula
541 1411 772 1439 commanens,
790 1399 967 1437 fratribus,
985 1398 1046 1442 qui
1064 1398 1107 1431 ad
1124 1408 1285 1440 praesens
1303 1398 1450 1436 inerant,
1468 1408 1531 1440 per
1548 1398 1664 1430 omnia

306 1461 482 1494 enarravit
496 1460 526 1499 ;'’
562 1464 597 1492 et
621 1469 694 1500 cap.
720 1464 841 1489 XXIII.
872 1459 894 1474 ‘⁶
916 1454 1063 1487 Sanctus
1094 1455 1131 1486 in
1161 1452 1248 1486 Ioua
1272 1464 1479 1486 conversans
1505 1454 1663 1493 insula;’'

305 1517 415 1559 capite
434 1525 533 1549 xxx.
554 1519 574 1533 “
592 1514 681 1547 Cum
700 1516 838 1545 sanctus
856 1511 893 1543 in
911 1509 997 1543 Ioua
1014 1510 1187 1543 habitaret
1210 1509 1335 1548 insula,
1359 1519 1468 1542 unum
1487 1519 1530 1542 ex
1547 1509 1664 1542 fratri-

305 1574 368 1605 bus
388 1573 557 1604 advocans
573 1571 601 1609 ;’'
620 1569 678 1602 lib.
695 1577 736 1601 11.
751 1578 824 1610 cap.
840 1575 875 1599 V.
895 1570 915 1584 “
933 1565 1023 1599 Cum
1041 1570 1180 1599 sanctus
1199 1566 1236 1597 in
1254 1564 1340 1598 Ioua
1357 1565 1595 1598 demoraretur
1611 1566 1663 1598 in-

305 1630 379 1661 sula
388 1629 416 1667 ;’'
429 1638 502 1670 cap.
515 1635 603 1659 XIII.
621 1630 641 1643 ‘⁶
654 1624 867 1657 Baitheneus
879 1634 899 1655 a
911 1627 1016 1665 portu
1030 1621 1134 1655 Iouae
1148 1621 1336 1665 enavigans
1345 1621 1375 1660 ;''
1392 1626 1427 1654 et
1437 1620 1496 1653 lib.
1509 1622 1662 1665 ejusdem

306 1684 418 1727 operis
438 1692 497 1716 111.
517 1687 537 1702 ‘⁶
554 1681 620 1715 Vir
638 1685 777 1714 sanctus
796 1679 831 1711 in
847 1678 933 1711 Ioua
950 1688 1157 1710 conversans
1175 1677 1299 1715 insula,
1313 1676 1532 1710 remotiorem
1546 1678 1589 1710 ab
1603 1677 1664 1710 ho-

306 1740 457 1772 minibus
469 1740 592 1776 locum,
606 1742 795 1780 aptumque
807 1735 847 1768 ad
862 1734 1107 1772 orationem,in
1121 1733 1281 1766 salicibus
1292 1733 1501 1775 quaesivit;’‘
1515 1743 1587 1776 cap.
1597 1742 1661 1766 XV.

309 1801 326 1813 ·‘
345 1795 439 1828 Dum
458 1796 513 1827 vir
531 1793 747 1826 venerandus
766 1792 802 1824 in
821 1791 907 1824 Ioua
924 1794 1186 1823 conversaretur
1202 1789 1316 1821 insula
1329 1787 1361 1827 ;”
1386 1793 1421 1821 et
1438 1799 1511 1832 cap.
1531 1797 1661 1822 xxvu.

308 1861 326 1870 ·”
346 1852 388 1884 Iu
406 1852 548 1884 occidua
565 1850 679 1882 insula
697 1848 782 1880 Ioua
799 1848 994 1880 laborantes
1009 1846 1036 1878 ;''
1062 1845 1188 1889 quibus
1210 1844 1370 1877 omnibus
1387 1844 1471 1877 locis
1489 1845 1663 1889 corrigen-

307 1910 390 1940 dum
408 1912 470 1946 est,
490 1904 583 1939 Iona
602 1902 728 1937 insula.
780 1904 847 1936 Est
872 1903 963 1936 enim
990 1902 1034 1934 ad
1059 1901 1265 1934 occidentem
1291 1899 1436 1939 Scotiae,
1464 1901 1500 1933 in
1526 1900 1663 1934 Oceano

308 1963 561 1996 Deucaledonio
587 1961 710 2004 posita,
739 1960 922 1992 sanctitate
947 1957 992 1990 D.
1019 1956 1217 1995 Columbae,
1250 1961 1284 1988 et
1310 1956 1528 1989 monasteriis
1555 1957 1598 1989 ab
1624 1968 1664 1990 eo

309 2019 426 2051 multis
444 2018 530 2050 inibi
549 2017 681 2054 erectis,
700 2014 978 2051 celebratissima,
1002 2022 1125 2057 regum
1149 2012 1253 2045 etiam
1277 2011 1459 2044 Scotorum
1483 2013 1662 2055 sepultura

308 2074 501 2112 nobilitata,
529 2073 588 2115 qui
616 2072 727 2104 honor
750 2082 769 2103 a
793 2069 962 2113 Fer-gusio
989 2068 1036 2101 ΙΙ.
1062 2079 1143 2112 rege
1167 2068 1322 2106 collatus,
1346 2068 1406 2110 qui
1429 2072 1463 2100 et
1487 2067 1661 2101 abbatiam

309 2131 433 2163 ibidem
476 2127 694 2173 magnificam
729 2126 902 2159 exstruxit
935 2125 1024 2158 circa
1057 2135 1187 2157 annum
1222 2132 1420 2156 CCCCXXX.
1450 2124 1571 2156 salutis
1598 2124 1662 2156 hu-

308 2198 400 2219 num.
436 2185 560 2218 Boeth.
579 2184 637 2216 lib.
653 2192 723 2216 VII.
743 2182 877 2215 Histor.
897 2180 987 2214 Scot.
1004 2191 1081 2225 pag.
1102 2189 1213 2213 cxix.
1247 2179 1373 2212 Postea
1387 2179 1533 2212 Sconam
1549 2181 1661 2222 sepul-

308 2252 389 2278 tura
413 2253 534 2288 regum
560 2242 740 2279 translata,
770 2239 829 2272 sed
854 2238 965 2271 serius
991 2237 1043 2270 uti
1070 2241 1104 2269 et
1130 2235 1306 2274 Pertham,
1334 2246 1411 2268 cum
1437 2235 1550 2268 medio
1576 2240 1661 2268 tem-

309 2312 390 2343 pore
414 2299 449 2331 in
476 2297 684 2332 monasterio
709 2294 1006 2329 Dumfermelinae
1031 2292 1074 2326 ab
1096 2291 1238 2336 Edgaro
1262 2290 1289 2324 I.
1317 2301 1435 2325 omnes
1461 2301 1557 2336 reges
1584 2302 1662 2323 cou-
