1861 2682
626 287 796 319 GENTIS
820 287 1090 326 SCOTORUM,
1115 288 1201 319 LIB.
1228 289 1272 320 II.
1569 293 1624 321 111

269 380 310 412 de
336 390 371 412 se
397 379 627 422 reprehendit,
652 379 744 422 quod
768 384 840 412 tam
865 380 1078 413 virulentum
1102 381 1271 413 calamum
1296 381 1332 413 in
1356 381 1512 427 reginam
1540 383 1625 415 bem·

269 435 427 467 meritam
449 435 657 473 strinxisset,
682 435 900 479 moriensque
923 437 1058 479 optavit
1081 443 1121 470 ut
1145 438 1315 481 tantisper
1338 444 1542 481 superesset,
1568 440 1626 472 do-

266 502 327 523 nec
355 491 506 523 maculas
536 501 621 533 quas
652 491 889 524 maledicentia
917 491 1005 525 falso
1039 498 1241 536 asperserat,
1275 498 1435 527 revocata
1465 495 1623 533 veritate,

267 547 320 579 vel
339 546 507 590 sanguine
525 547 685 579 elueret.”
727 546 777 579 Et
794 547 836 579 ad
854 558 936 580 ann.
955 556 1165 581 MDvaln.
1207 552 1228 567 ‘⁶
1246 548 1481 582 Buchananus
1496 551 1532 582 in
1548 550 1624 583 Mo-

265 602 352 634 ravii
377 601 482 634 verba
500 602 738 646 juratissimus
753 602 783 635 :''
808 602 876 636 fuit
901 604 992 636 enim
1015 604 1107 637 inter
1131 604 1208 637 illos
1234 605 1294 648 qui
1321 610 1442 638 contra
1466 607 1623 651 reginam

266 657 463 690 Eboracum
492 658 683 700 perduelles
715 664 959 698 convenerunt,
989 659 1064 693 Deo
1097 660 1364 704 hominibusque
1394 662 1510 694 invisi.
1576 662 1623 695 Et

264 714 306 745 ad
342 724 472 746 annum
508 721 730 746 MCLxxxu.
766 719 786 733 “
812 714 1045 748 Buchananus
1079 715 1303 749 factiosorum
1333 727 1472 750 causam
1503 722 1623 751 contra

263 769 433 811 principes
447 769 521 813 jam
540 773 642 802 antea
659 771 847 813 suscepisse
864 771 1019 804 dolenter
1036 772 1218 816 ingemuit,
1243 777 1277 805 et
1300 774 1403 815 paulo
1428 778 1507 816 post
1524 773 1621 806 obiit.

262 824 327 857 Vir
340 825 399 868 qui
414 836 475 857 nec
488 826 591 863 coelo,
610 836 671 858 nec
690 827 772 865 solo,
791 838 852 859 nec
869 828 983 860 seculo
1000 828 1146 866 erudito,
1164 832 1204 860 ut
1221 828 1278 861 ille
1297 829 1428 868 cecinit,
1447 834 1560 868 natus,
1580 831 1622 862 ad

262 891 436 913 summum
456 884 571 913 tamen
594 882 747 924 poeticae
770 881 946 915 facultatis
970 883 1105 916 culmen
1129 889 1200 916 tam
1224 883 1371 917 feliciter
1393 885 1558 924 ascendit,
1582 891 1620 917 ut

262 941 439 978 poetarum
460 936 565 981 hujus
583 937 688 969 seculi
706 938 866 980 princeps
884 938 1009 970 merito
1033 938 1234 972 habeatur.'’
1284 939 1417 984 Magna
1440 952 1522 974 sane
1545 942 1620 974 laus

262 990 355 1025 Scoti
381 1003 423 1024 ex
449 1003 507 1025 ore
532 992 653 1038 Angli,
679 993 747 1025 nisi
772 993 924 1026 invidiae
950 998 984 1027 et
1010 994 1238 1038 malignitatis
1268 995 1404 1029 hostilis
1435 998 1505 1030 sale
1535 1002 1621 1029 tem-

261 1054 463 1089 peraretur:
494 1059 575 1081 nam
610 1059 671 1081 cur
701 1050 833 1082 coelum
863 1050 1043 1093 solumque
1073 1049 1246 1083 Scoticum
1276 1056 1466 1091 aversatur,
1496 1052 1620 1096 Angli-

260 1114 338 1136 cum
374 1104 410 1136 iu
448 1105 565 1137 eadem
601 1104 716 1137 insula
751 1110 785 1138 et
820 1105 948 1138 vicinia
982 1105 1126 1138 laudet?
1176 1106 1276 1140 Dicet
1313 1118 1348 1140 se
1383 1109 1515 1141 nescire
1549 1119 1619 1142 cos-

259 1160 498 1202 mographus?
562 1160 662 1192 Hanc
692 1165 808 1193 tamen
837 1161 1034 1193 immerenti
1064 1161 1198 1195 Scotiae
1227 1163 1413 1206 impactam
1444 1169 1619 1197 contume-

260 1214 341 1246 liam
372 1219 425 1247 tot
455 1215 522 1247 viri
551 1215 691 1259 ingenio
721 1217 804 1248 clari
834 1217 961 1254 cluent,
996 1221 1030 1249 et
1064 1216 1139 1257 tibi,
1176 1222 1216 1251 ut
1250 1220 1382 1262 opinor,
1418 1220 1466 1252 mi
1500 1221 1616 1258 lector,

260 1269 343 1302 felix
369 1270 614 1313 eruditumque
640 1270 774 1304 Scotiae
799 1272 931 1304 coelum
962 1275 996 1304 et
1021 1274 1132 1305 solum
1158 1285 1179 1306 a
1203 1274 1256 1308 bis
1281 1276 1374 1308 mille
1399 1279 1492 1309 retro
1517 1277 1617 1309 annis

258 1325 356 1359 facile
391 1326 669 1369 persuadebunt:
705 1327 859 1359 seculum
897 1332 1014 1360 autem
1049 1328 1135 1361 illud
1170 1340 1231 1362 cur
1268 1331 1442 1364 eruditum
1477 1342 1549 1364 esse
1584 1337 1618 1365 et

258 1380 378 1414 haberi
407 1393 477 1415 non
508 1381 641 1421 debeat,
673 1393 752 1415 cum
781 1387 815 1415 et
844 1382 964 1415 literae
994 1382 1144 1416 Graecae
1169 1385 1269 1427 quasi
1295 1386 1338 1419 ab
1364 1386 1454 1420 Orco
1480 1398 1617 1421 revoca-

260 1442 325 1475 tae,
351 1442 385 1470 et
407 1437 630 1470 humaniores
654 1438 741 1470 aliae
763 1438 894 1477 literae,
919 1438 1062 1481 ipsaque
1083 1439 1313 1483 philosophia,
1338 1442 1521 1487 theologia,
1547 1454 1617 1477 ma—

259 1492 455 1532 thematica,
485 1493 655 1526 medicina
684 1495 734 1526 ita
763 1492 967 1532 floruerunt,
1004 1498 1043 1527 ut
1077 1495 1234 1528 certatim
1269 1496 1359 1536 Itali,
1396 1497 1497 1537 Galli,
1533 1498 1617 1532 Ger-

258 1549 362 1587 mani,
388 1548 528 1594 Belgae,
554 1548 742 1594 Aninque,
769 1560 808 1582 ac
834 1549 927 1582 Scoti
953 1550 1064 1583 nostri
1089 1550 1127 1583 in
1152 1551 1186 1584 id
1213 1553 1409 1586 studiorum
1436 1558 1507 1587 tam
1531 1556 1617 1588 acri-

258 1608 310 1637 ter
332 1604 562 1643 incubuerint,
585 1610 626 1637 ut
648 1605 832 1638 vetustatis
856 1605 1045 1645 Romanae,
1069 1610 1104 1640 et
1126 1618 1249 1640 aureae
1271 1608 1380 1651 ipsius
1404 1609 1468 1642 sub
1491 1610 1614 1655 Augu—

257 1665 310 1693 sto
328 1660 461 1700 aetatis,
481 1671 563 1703 prae
580 1671 663 1694 cura
680 1661 790 1694 nostri
808 1661 912 1694 seculi
932 1661 1124 1702 hominum,
1141 1664 1270 1706 pudere
1287 1665 1466 1708 potuerit?
1492 1665 1614 1700 Discat

258 1726 339 1760 ergo
364 1715 502 1760 Anglus
528 1716 739 1750 moderatius
770 1718 888 1760 loqui;
919 1721 954 1750 et
983 1729 1046 1762 ego
1075 1719 1119 1751 ad
1149 1719 1401 1754 Buchananum
1430 1722 1542 1760 redeo,
1572 1723 1614 1755 de

257 1782 324 1814 quo
348 1772 439 1804 idem
463 1772 506 1804 ad
529 1783 660 1805 annum
682 1781 920 1806 MDLXXXW.
947 1777 968 1791 “
986 1773 1189 1807 Buchanani
1214 1775 1383 1815 Historia,
1408 1781 1442 1810 et
1465 1778 1507 1810 de
1527 1777 1550 1809 J
1553 1789 1613 1811 ure

260 1827 374 1872 Regni
391 1828 481 1871 apud
500 1827 619 1861 Scotos
633 1827 815 1873 Dialogus,
831 1829 996 1872 probrosa
1014 1829 1050 1861 in
1068 1840 1195 1874 regem,
1213 1831 1288 1875 ejus
1308 1837 1466 1873 matrem,
1482 1839 1516 1867 et
1534 1845 1614 1866 con-

258 1884 405 1916 siliarios
423 1884 560 1927 scripta,
578 1884 772 1923 interdicta,
791 1889 831 1917 ut
848 1896 936 1927 quae
954 1885 1065 1917 multa
1088 1886 1258 1928 culpanda
1280 1892 1313 1920 et
1338 1888 1482 1923 delenda
1505 1891 1612 1923 conti-

258 1939 392 1971 neant.”
428 1939 585 1983 Satyrica
598 1939 692 1978 haec,
706 1944 739 1973 et
753 1940 941 1982 impietatis
955 1941 1056 1983 plena
1070 1942 1198 1984 scripta
1212 1942 1415 1976 Buchanani
1431 1949 1464 1977 et
1479 1945 1610 1978 Knoxii

259 1995 331 2037 ipse
362 2006 423 2027 rex
448 1994 597 2028 Jacobus
623 2000 696 2028 toto
721 2007 829 2040 regno
860 2007 923 2029 suo
952 1997 1136 2039 proscribit
1164 2002 1198 2031 et
1228 1999 1405 2039 eliminat;
1439 2011 1520 2033 nam
1550 2001 1610 2034 lib.

262 2059 303 2083 11.
329 2050 469 2083 Basilici
492 2050 578 2083 Dori
601 2062 680 2096 pag.
700 2060 789 2084 CLV.
808 2052 858 2084 ita
875 2051 985 2085 filium
1003 2063 1104 2085 suum
1128 2064 1189 2086 rex
1213 2055 1423 2098 alloquitur:
1451 2061 1471 2075 ‘⁶
1491 2057 1612 2090 Proxi-

260 2117 357 2138 mum
386 2111 448 2145 est,
477 2110 518 2138 ut
547 2111 580 2138 te
610 2107 653 2139 ad
678 2107 858 2140 lectionem
883 2107 965 2141 hist.
992 2108 1282 2148 authenticarum,
1312 2115 1345 2144 et
1371 2112 1610 2157 chronologias

258 2162 463 2194 evolvendas
489 2161 661 2200 adhorter,
686 2163 887 2205 praesertim
913 2175 995 2197 vero
1020 2165 1057 2197 in
1082 2165 1278 2199 domesticis
1303 2168 1430 2201 nostris
1455 2168 1609 2201 historiis

258 2223 290 2250 te
309 2217 582 2250 versatissimum
601 2228 673 2250 esse
690 2218 801 2260 cupio,
819 2229 861 2251 ne
878 2219 924 2252 sis
943 2220 1035 2253 domi
1053 2222 1267 2266 peregrinus,
1286 2233 1365 2256 nam
1384 2228 1417 2256 et
1435 2224 1609 2257 istiusmo-

257 2273 291 2305 di
311 2273 467 2315 exempla
484 2276 518 2305 te
542 2272 684 2316 propius
708 2273 908 2317 attingunt3
935 2286 1046 2319 neque
1069 2281 1184 2310 tamen
1207 2277 1356 2311 famosos
1380 2279 1456 2312 illos
1480 2279 1609 2311 libellos

258 2328 472 2367 Buchanani,
490 2333 551 2362 aut
570 2327 700 2362 Knoxii
718 2328 889 2363 Chronica
906 2330 1054 2376 intelligi
1071 2332 1126 2366 hic
1144 2334 1242 2367 volo:
1273 2335 1301 2367 si
1319 2335 1411 2378 quod
1432 2335 1610 2378 hujusmo-
