1861 2682
895 320 948 346 XV

247 412 417 452 labentis
451 411 493 450 in
532 409 664 448 Scotia
703 408 929 461 Religionis
971 407 1214 447 Catholicae.
1286 408 1350 447 De
1389 409 1591 455 Forduno,

247 488 368 526 quem
407 486 564 524 semper
604 471 837 510 Fordanum
872 477 997 517 vocat,
1030 471 1129 510 haec
1162 471 1378 509 memoriae
1412 471 1591 517 tradidit,

247 543 340 574 tom.
362 536 384 574 i.
405 549 442 587 p.
464 536 579 574 2885)(ε
637 533 819 572 Historia
839 535 926 586 ejus
947 539 1007 572 est
1027 539 1047 555 ‘⁶
1066 533 1210 584 ingens
1232 532 1423 571 volumen
1445 533 1529 571 MS.
1551 533 1592 571 in

246 597 489 637 bibliotheca
519 595 690 647 Collegii
724 596 760 634 S.
795 596 1008 634 Benedicti
1043 596 1325 647 Cantabrigiae
1359 596 1401 634 in
1435 595 1594 648 Anglia,

245 674 367 712 quam
387 659 707 711 diligentissime,
728 659 842 697 sociis
859 659 1017 711 juratis,
1039 657 1226 697 cancellis
1242 658 1490 710 clathrisque
1506 672 1593 697 cus-

245 722 432 761 todiunt:
464 723 551 773 ejus
570 734 644 772 ego
668 720 841 759 lectione
867 720 1047 759 multum
1074 721 1240 773 adjutus
1266 721 1412 773 optavi,
1439 721 1509 759 sed
1535 721 1595 759 in-

245 797 409 830 cassum,
437 782 527 822 luce
556 783 811 822 donaretur.”
870 782 992 821 Millii
1020 782 1132 829 liber,
1159 783 1253 821 satis
1279 783 1445 835 quidem
1473 789 1595 822 notus

244 846 359 885 sociis
383 846 528 884 nostris
550 845 958 896 Bannatyniensibus,
981 847 1066 897 jam
1091 845 1248 897 pridem
1278 846 1320 884 in
1344 845 1477 884 lucem
1503 860 1595 898 pro-

244 908 329 946 diit.
387 908 489 946 Erat
513 907 712 958 Georgius
741 906 969 953 Neutonus,
993 913 1096 946 teste
1123 907 1375 960 Deinpstero,
1400 908 1596 948 archidia-

243 984 367 1009 conus
388 969 703 1016 Dunblanensis,
724 975 744 993 ‘⁶
764 970 824 1008 vir
843 983 1012 1021 magnae
1031 970 1204 1022 pietatiS,
1225 983 1299 1009 nec
1318 971 1484 1009 minoris
1505 985 1595 1009 eru-

244 1032 420 1078 ditionis,
454 1046 500 1071 eo
531 1031 667 1071 seculo
696 1046 779 1071 non
813 1031 1034 1083 vulgariter
1065 1032 1264 1071 facundus
1282 1035 1315 1077 ;”
1355 1039 1396 1071 et
1428 1033 1596 1072 florebat

244 1108 350 1132 anno
370 1093 583 1133 millesimo
604 1094 930 1145 quingentesimo
950 1095 1106 1146 quinto.
1164 1094 1400 1133 Dolendum
1414 1109 1509 1134 sane
1525 1102 1595 1142 est,

245 1157 286 1194 in
308 1162 423 1194 tanta
442 1156 613 1208 penuria
637 1155 859 1195 illiusmodi
886 1157 1138 1208 scriptorum,
1165 1156 1288 1195 talem
1315 1157 1500 1196 libellum
1530 1172 1597 1210 pe-

244 1218 355 1256 nitus
375 1218 550 1269 periisse.
607 1218 816 1256 Gilbertus
836 1219 1012 1264 Brunus,
1032 1219 1226 1257 Coenobii
1248 1219 1353 1258 Novi
1374 1221 1483 1272 apud
1504 1221 1598 1259 Gal-

245 1279 486 1318 lovidienses
507 1279 640 1318 dictus
660 1281 790 1326 abbas,
811 1286 998 1318 mortuus
1018 1286 1079 1319 est
1098 1281 1289 1320 Lutetiae
1309 1296 1416 1321 anno
1441 1284 1554 1322 1612.

298 1342 348 1381 In
369 1341 444 1380 hac
464 1347 602 1380 nostra
621 1342 800 1380 editione
821 1341 913 1380 libri
936 1341 1057 1393 longe
1078 1343 1269 1381 rarissimi
1290 1344 1347 1383 ita
1366 1346 1510 1383 versati
1532 1359 1596 1384 su-

243 1417 342 1449 mus,
359 1409 406 1442 ut
419 1404 606 1456 paginam
623 1404 770 1456 pagina
787 1404 870 1442 fere
886 1404 1044 1450 referat,
1060 1418 1219 1443 versum
1236 1419 1373 1445 versus
1389 1421 1471 1445 non
1487 1408 1595 1446 item.

246 1466 501 1517 Paginarum,
521 1466 627 1505 sicut
647 1471 688 1504 et
709 1466 962 1518 scriptorum,
984 1481 1178 1506 numerus
1205 1469 1434 1521 saepissime
1462 1471 1598 1508 turba-

244 1535 309 1567 tus
330 1534 412 1567 est:
447 1528 584 1567 omnia
603 1534 741 1567 tamen
762 1529 910 1567 menda
931 1530 1129 1581 ejusmodi
1157 1544 1239 1569 non
1268 1532 1504 1584 corrigenda
1529 1546 1597 1571 cu-

247 1591 431 1636 ravimus,
452 1604 533 1642 quo
561 1590 712 1629 scilicet
738 1591 894 1630 facilior
922 1592 1056 1630 aditus
1085 1598 1222 1644 pateat
1248 1593 1299 1632 ad
1328 1593 1414 1633 loca
1441 1609 1490 1633 ex
1517 1595 1600 1633 edi-

245 1653 357 1692 tione
376 1653 509 1705 priore
529 1653 674 1706 passim
697 1653 831 1692 citata.
889 1654 1081 1693 Errorem
1102 1656 1381 1706 gravissimum
1404 1658 1478 1695 sub
1504 1656 1596 1695 libri

244 1714 368 1753 finem
395 1715 543 1754 erravit
574 1716 862 1768 typographus,
889 1717 1079 1768 ponendo
1111 1721 1218 1760 3179
1248 1732 1322 1770 pro
1355 1723 1482 1764 11793
1518 1720 1598 1765 sed,

245 1790 316 1829 per
336 1777 550 1816 duodecim
570 1779 810 1830 posteriores
830 1779 1006 1831 paginas,
1027 1780 1268 1832 scriptorum
1287 1795 1501 1820 numerum
1519 1796 1598 1821 res-

246 1839 445 1878 tituimus.
504 1839 626 1879 Liber
646 1841 736 1888 iste,
756 1841 798 1879 in
815 1840 947 1880 lucem
964 1842 1099 1880 editus
1115 1842 1242 1881 altero
1258 1850 1349 1895 post
1365 1844 1596 1896 Dempsteri

248 1908 421 1941 mortem
442 1916 561 1948 anno,
581 1903 821 1942 foedissimis
841 1909 968 1942 scatet
989 1905 1213 1950 erroribus3
1242 1912 1284 1944 et
1304 1920 1404 1958 opus
1430 1907 1597 1958 quidem

247 1965 418 2014 aggressi
439 1978 578 2004 sumus
599 1966 722 2004 taedii
743 1965 911 2018 plenum
928 1972 969 2005 et
985 1966 1273 2006 molestiarum.
1314 1969 1439 2007 Hunc
1460 1975 1596 2007 tamen

247 2025 347 2063 mihi
367 2025 546 2066 laborem
567 2042 648 2066 non
668 2028 925 2067 mediocriter
944 2028 1093 2068 levavit
1113 2030 1265 2069 amicus
1284 2045 1398 2070 meus
1419 2032 1596 2084 optimus

248 2087 451 2126 Ninianus
472 2089 612 2136 Little‚
633 2091 692 2128 vir
713 2091 754 2129 in
782 2091 890 2130 hisce
916 2092 1061 2130 studiis
1084 2092 1155 2130 diu
1182 2092 1443 2146 multumque
1469 2108 1598 2132 versa-

249 2156 324 2188 tus.
383 2150 571 2202 Plagulas
592 2152 661 2191 ille
685 2167 824 2191 omnes
848 2154 951 2192 mira
975 2154 1192 2193 sedulitate
1219 2155 1318 2208 legit
1347 2163 1470 2208 atque
1499 2156 1598 2195 rele-

247 2212 316 2263 git.
375 2213 512 2251 Primo
532 2215 802 2265 trepidantius
823 2216 1088 2269 timidiusque
1104 2232 1187 2257 rem
1204 2220 1408 2270 gessimus,
1425 2220 1504 2265 sed,
1521 2233 1596 2257 usu

247 2280 288 2312 et
307 2275 557 2326 experientia
577 2276 719 2323 edocti,
740 2277 875 2329 aliqua
903 2279 1051 2318 fiducia
1077 2294 1178 2333 opus
1209 2295 1293 2320 esse
1319 2283 1596 2333 comperimus,

248 2336 278 2374 si
311 2338 401 2387 quis
432 2337 580 2376 librum
613 2339 812 2390 ejusmodi
844 2346 1020 2382 tractare
1046 2343 1169 2388 velit3
1205 2358 1298 2383 nam
1326 2350 1487 2384 tantum
1515 2360 1595 2384 non
