1861 2682
280 219 340 249 QGO
647 217 872 249 HISTORIA
897 217 1257 248 ECCLESIASTICA

282 314 362 350 lero,
381 312 487 344 frater
505 311 539 344 S.
557 310 579 342 .Ῑ
582 311 713 348 oannis,
731 310 791 351 qui
810 309 1034 341 Constantiae
1051 309 1241 351 episcopus,
1265 313 1305 340 ut
1326 307 1419 339 infra
1435 307 1499 339 hoc
1517 319 1628 350 opere,

283 379 324 400 ex
341 368 363 400 J
366 379 431 400 ona
448 367 580 404 abbate,
599 365 752 404 videbis;
780 365 932 396 maxima
950 374 1031 396 vero
1055 363 1286 396 continentiae
1304 363 1420 405 opinio
1438 374 1552 396 secum
1571 365 1632 395 mi-

282 425 398 456 racula
415 423 533 460 traxit,
551 426 592 454 ut
609 425 685 454 acta
702 420 862 453 ecclesiae
880 419 1155 452 Constantiensis
1173 423 1357 451 testantur.

330 479 467 512 Floruit
485 489 575 511 anno
595 485 745 510 DCLXX.
796 475 879 508 Dies
897 476 1060 507 incertus.

699 587 733 620 S.
762 585 1074 620 EVERARDUS.
1125 589 1206 623 479.

280 704 313 736 S.
333 703 580 736 EVERARDUS
597 701 781 739 confessor,
804 704 837 732 et
856 699 960 732 abbas
979 699 1212 732 cistertiensis
1231 698 1363 737 Scotus,
1390 699 1424 732 S.
1452 699 1630 731 XValtheni

280 759 518 797 confessarius,
537 763 571 791 et
588 758 624 790 in
642 757 847 790 canonicatu
865 755 1028 788 Kirkhan
1052 755 1174 794 sociUS,
1201 755 1403 798 primusque
1428 755 1532 788 abbas
1559 766 1630 788 1110-

281 816 422 849 nasterii
440 815 533 847 illius
552 814 692 847 celebris
711 813 747 846 in
766 812 932 845 Cumbria
954 822 974 843 a
997 810 1122 844 Sancto
1141 810 1286 850 Davide,
1305 811 1438 844 Scotiae
1456 822 1547 855 rege,
1571 816 1629 844 aut

279 873 353 916 ejus
378 871 486 904 fratre
511 870 650 903 Simone
674 868 797 902 comite
822 868 970 906 fundati,
996 867 1087 910 quod
1114 867 1155 899 de
1181 867 1285 899 Ulmo
1311 867 1377 899 dici
1403 867 1498 904 solet,
1526 868 1631 910 vulgo

280 928 592 961 Holmecultrame:
611 936 691 958 nam
710 935 788 957 cum
806 925 842 957 in
857 924 1090 956 Mailrosiensi
1109 924 1258 956 claustro
1277 934 1346 955 una
1363 933 1440 955 cum
1459 922 1630 955 sanctissi-

278 995 334 1017 mo
351 995 430 1016 sene
448 982 636 1015 WValtheno
652 980 812 1014 habitum
831 980 1011 1017 induisset,
1036 991 1075 1011 eo
1099 980 1141 1012 ad
1159 990 1277 1011 curam
1295 980 1449 1023 ejusdem
1467 978 1531 1011 loci
1550 978 1629 1010 sub-

277 1041 429 1077 sistente,
447 1039 503 1071 hic
520 1039 556 1071 in
574 1047 704 1070 novum
722 1036 971 1069 monasterium
995 1036 1036 1068 de
1063 1035 1167 1067 Ulmo
1192 1035 1330 1074 missus,
1356 1035 1510 1079 regimen
1534 1045 1631 1067 exor-

278 1107 347 1134 sus,
365 1106 442 1128 cum
462 1094 635 1127 Henricus
653 1092 745 1125 filius
763 1092 798 1124 S.
815 1091 961 1124 Davidis
976 1092 1178 1124 coenobium
1196 1102 1215 1123 a
1230 1096 1327 1134 patre
1345 1095 1495 1124 erectum
1514 1090 1630 1122 fundis

277 1153 438 1190 dotasset,
469 1155 509 1184 ut
539 1150 693 1193 loquitur
724 1147 1004 1181 Scotichronicon
1034 1148 1092 1180 lib.
1123 1156 1172 1180 v1.
1200 1158 1273 1190 cap.
1301 1156 1435 1179 XXXII.
1486 1146 1630 1188 Scripsit

277 1212 449 1250 superstes
467 1206 666 1244 Waltheno,
685 1215 727 1238 ex
746 1204 863 1237 Indice
882 1203 1008 1242 Maiae,

420 1263 540 1296 Vitam
558 1261 676 1294 Sancti
693 1260 892 1293 Adamnani
1188 1259 1247 1291 lib.
1268 1267 1291 1290 1.

420 1319 539 1352 Vitam
558 1317 674 1351 Sancti
693 1316 857 1349 Cumenei
876 1315 958 1347 Albi
1190 1314 1248 1346 lib.
1269 1322 1293 1345 Ι.

419 1375 538 1408 Vitam
557 1373 673 1406 Sancti
691 1371 870 1405 Waltheni
1186 1369 1244 1401 lib.
1265 1378 1289 1401 1.
1308 1373 1342 1401 et
1359 1370 1436 1402 alia.

324 1431 459 1464 Claruit
476 1441 566 1463 anno
586 1437 738 1462 MCXLV.

526 1522 818 1558 GULIELMUS
845 1521 1242 1555 ELPHINSTONUS.
1295 1523 1374 1553 480.

282 1600 524 1632 GULIELMUS
542 1597 808 1640 Elphinstonus,
826 1595 1029 1628 nobilissimi
1050 1594 1186 1627 baronis
1204 1593 1322 1632 frater,
1347 1598 1529 1635 postquam
1544 1594 1632 1625 serio

279 1656 399 1699 pietati
429 1660 462 1687 et
492 1655 655 1687 honestae
691 1653 892 1685 literaturae
922 1651 958 1683 in
989 1651 1102 1693 patria
1134 1649 1355 1687 incubuisset,
1388 1649 1545 1687 Romam,
1574 1660 1630 1681 an-

280 1713 356 1756 gelo
382 1712 470 1744 bono
496 1711 651 1747 ducente,
678 1708 879 1753 contendit;
910 1707 969 1739 ubi
997 1717 1074 1738 cum
1100 1706 1250 1748 optimae
1277 1704 1401 1736 indolis
1427 1710 1632 1747 argumenta

281 1768 502 1805 exhibuisset,
545 1765 679 1798 ardenti
713 1765 787 1796 zelo
821 1763 857 1795 in
892 1762 1098 1795 Societatem
1132 1761 1217 1794 Jesu
1250 1760 1387 1792 admitti
1423 1761 1629 1802 peroptavit,

281 1830 314 1857 et
350 1824 554 1866 superiores,
585 1822 667 1864 quia
697 1831 775 1853 eum
807 1831 827 1851 a
861 1819 936 1851 Deo
969 1818 1048 1850 duci
1084 1815 1328 1859 percipiebant,
1364 1815 1518 1860 lubentes
1553 1826 1630 1848 eum

281 1882 322 1913 ad
363 1880 569 1912 novitiatum
606 1876 788 1919 Neapolim
823 1875 1051 1911 destinarunt,
1086 1883 1147 1905 nec
1179 1873 1257 1914 plus
1291 1882 1395 1914 quam
1434 1876 1503 1903 tres
1537 1882 1630 1903 men-

281 1948 333 1969 ses
352 1936 387 1968 in
406 1939 523 1967 sancto
547 1933 669 1966 habitu
695 1932 841 1969 vixerat,
867 1941 945 1963 cum
971 1929 1064 1961 febre
1090 1927 1223 1960 ardenti
1250 1932 1438 1969 correptus,
1462 1928 1630 1959 mundum

283 1991 445 2025 deseruit.
510 1990 614 2022 Pium
644 1989 718 2032 ejus
749 1987 892 2024 obitum,
924 1984 1159 2017 Christianam
1189 1983 1316 2016 diutini
1341 1983 1451 2015 morbi
1486 1984 1631 2015 toleran-

284 2049 378 2085 tiam,
413 2046 581 2088 colloquia
615 2055 692 2076 cum
728 2043 850 2086 angelo
890 2041 1040 2079 custode,
1075 2044 1109 2072 et
1143 2039 1300 2072 futurum
1334 2039 1468 2071 animae
1501 2043 1630 2071 statum

283 2104 325 2136 ab
355 2114 394 2135 eo
422 2102 609 2145 cognitum,
645 2104 678 2132 et
709 2097 903 2131 astantibus
934 2096 1089 2139 patribus
1118 2096 1319 2132 revelatum,
1352 2094 1482 2127 frustra
1511 2094 1576 2126 sim
1602 2095 1630 2126 si

284 2158 473 2192 describere
503 2162 643 2194 tentem,
675 2154 812 2198 quando
846 2153 880 2185 id
917 2151 1153 2195 Hieronymus
1192 2151 1321 2188 platus,
1355 2150 1507 2194 ejusdem
1542 2150 1630 2182 ordi-

288 2216 340 2248 nis
359 2214 552 2258 religioms,
578 2210 802 2244 disertissime
828 2209 886 2242 lib.
916 2218 940 2241 Ι.
967 2209 1007 2240 de
1034 2208 1135 2241 Statu
1162 2218 1234 2250 cap.
1254 2214 1370 2238 XXXI.
1394 2206 1429 2237 id
1452 2210 1632 2238 exsecutus

284 2271 408 2304 fuerit:
447 2269 606 2302 meminit
635 2267 753 2300 itidem
783 2265 981 2309 symmistes
1015 2263 1193 2296 Antonius
1229 2261 1457 2295 Daui-oultius
1487 2271 1559 2302 cap.
1595 2269 1631 2292 [Ι.
