1861 2682
647 253 874 285 HISTORIA
899 251 1274 285 ECCLESIASTICA.
1582 253 1643 285 299

283 347 457 380 ‹lei-entur.
509 345 655 390 Scripsit
674 357 755 379 vero
772 346 828 378 hic
846 345 1013 380 Gallanus

427 402 519 436 Acta
536 403 695 447 magistri
714 401 905 435 Columbae
1202 402 1260 435 lib.
1281 409 1306 434 1.

430 458 722 491 Exhortationem
741 459 785 491 ad
802 458 993 491 Monachos
1199 458 1258 491 lib.
1280 467 1305 490 1.

331 514 468 548 Floruit
486 525 577 547 anno
596 523 703 547 DCVI.
753 514 943 558 Depositus
961 518 1013 548 est
1031 525 1121 547 anno
1141 522 1315 547 Dcxxn-I.
1358 513 1495 547 Colitur
1511 514 1567 547 die
1586 522 1640 547 XI.

283 570 508 614 Septembris.

766 667 800 700 S.
828 665 1033 701 GALLUS.
1084 669 1165 704 557.

282 739 318 772 S.
350 739 599 772 COLUMBANI
637 740 731 773 Scoti
762 740 845 773 socii
874 740 1176 784 peregrinationis,
1207 741 1280 773 sive
1314 739 1508 773 sanctitatis
1543 740 1643 772 disci-

281 796 367 839 puli,
388 807 408 829 a
425 795 582 829 Gilberto
600 796 823 829 Genebrardo
840 797 877 828 in
889 795 1061 829 Chronico
1074 807 1153 841 pag.
1174 805 1373 829 CCCCXLII.
1393 801 1642 829 enumerantur

282 853 406 891 sancti,
431 851 563 892 Gallus,
583 852 702 891 Jonas,
721 852 963 890 Romarichus,
985 851 1230 897 Leodegarius,
1255 852 1486 897 Argobastus,
1509 851 1643 885 Aman-

283 910 359 947 dus,
386 913 420 941 et
444 909 479 942 S.
498 908 686 947 Walerius,
712 908 828 946 abbas,
855 912 895 941 ut
919 918 961 940 ex
986 910 1152 951 anonymi
1178 909 1328 941 auctoris
1353 909 1482 951 scripto
1508 913 1643 941 constat

282 966 374 1008 apud
393 964 535 997 Surium
556 969 639 997 tom.
660 972 701 996 ΙΙ.
728 964 783 997 die
803 972 827 995 1.
845 963 991 1006 Aprilis.
1044 964 1102 998 Ex
1119 965 1174 997 his
1198 965 1319 998 Gallus
1346 965 1480 1004 Scotus,
1507 964 1640 997 Anton.

282 1020 489 1053 Demochar.
504 1021 563 1053 lib.
581 1029 622 1053 11.
637 1030 710 1063 cap.
727 1028 855 1052 XXXV.
891 1019 914 1051 J
916 1031 992 1053 oan.
1013 1021 1168 1054 Gualter.
1185 1021 1314 1054 Chron.
1335 1021 1537 1054 Chronicor.
1557 1025 1641 1054 tom.

283 1085 340 1109 111.
368 1087 448 1121 pag.
476 1085 654 1109 Dccxeu.
684 1081 703 1095 ‘⁶
730 1075 765 1108 S.
795 1075 886 1108 Galli
913 1075 1018 1115 Scoti,
1052 1082 1087 1110 et
1120 1078 1294 1116 eremitae,
1322 1078 1573 1110 concionatoris
1600 1077 1642 1110 ad

281 1133 394 1165 lacum
412 1132 686 1165 Acronianu1n.”
737 1132 771 1165 S.
790 1132 898 1165 Jonas
916 1131 1000 1165 Vita
1018 1132 1052 1166 S.
1072 1132 1278 1166 Columbani
1298 1144 1370 1177 cap.
1391 1142 1491 1166 xxx.
1512 1133 1644 1166 Biblio-

281 1188 370 1220 thec.
386 1188 566 1221 Minorum
580 1188 725 1221 Patrum
738 1200 818 1233 pag.
871 1193 891 1207 “
903 1188 1035 1228 Gallus,
1047 1200 1089 1222 ex
1102 1188 1218 1222 Scotia
1228 1189 1439 1233 presbyter.”
1470 1189 1643 1234 Magistro

280 1254 343 1277 suo
362 1255 381 1276 a
400 1243 632 1277 Brunechilde
652 1243 774 1278 Galliis
793 1245 954 1277 excedere
967 1245 1079 1289 jusso,
1104 1245 1177 1288 ipse
1195 1245 1324 1278 ibidem
1348 1246 1525 1279 remansit.
1551 1245 1644 1278 Rhe-

280 1301 364 1344 gino
390 1300 495 1333 abbas
521 1299 651 1333 Chron.
703 1300 854 1333 Marian.
882 1301 941 1333 lib.
971 1310 1026 1333 111.
1052 1301 1212 1334 Chronic.
1241 1312 1332 1335 anno
1351 1310 1642 1334 Decccxxxvu.

281 1362 302 1376 ⁶⁶
320 1356 536 1390 Monasteria
553 1361 751 1389 sanctorum
770 1356 965 1396 Scotorum,
992 1356 1110 1390 Sancti
1136 1357 1228 1391 Galli
1255 1363 1290 1391 et
1315 1358 1433 1392 Sancti
1461 1357 1644 1396 Bonifacii,

281 1414 363 1458 igne
382 1412 669 1446 consumuntur.”
710 1411 796 1445 Vita
813 1413 889 1457 ejus
906 1413 1099 1446 luculenter
1117 1414 1246 1457 scripta
1263 1426 1284 1448 a
1297 1414 1492 1447 lValafrido
1506 1413 1644 1447 Strabo-

280 1481 334 1508 ne,
354 1469 477 1502 abbate
491 1468 675 1512 Augiensi‚
690 1470 783 1512 apud
798 1469 940 1502 Surium
954 1473 1006 1502 est
1024 1475 1107 1502 tom.
1128 1478 1163 1501 v.
1183 1471 1237 1503 die
1256 1479 1339 1503 XVI.
1360 1470 1483 1504 Octob.
1503 1482 1572 1515 quo
1589 1470 1644 1502 die

281 1526 356 1569 ejus
375 1525 578 1558 memoriam
596 1526 716 1558 recolit
733 1526 884 1558 ecclesia.
928 1525 1053 1558 Franc.
1074 1525 1300 1570 Maurolycus
1316 1537 1324 1559 :
1351 1531 1371 1545 “
1390 1526 1433 1559 In
1459 1526 1643 1559 Alemania

281 1581 316 1614 S.
336 1580 428 1614 Galli
447 1580 593 1619 abbatis,
612 1582 753 1614 natione
771 1581 875 1621 Scoti,
894 1587 928 1614 et
945 1581 1064 1614 Sancti
1079 1581 1286 1615 Columbani
1304 1583 1476 1626 discipuli,
1499 1584 1537 1616 in
1561 1583 1644 1616 Sue-

281 1638 339 1670 via
357 1637 598 1680 quiescentis.”
650 1636 758 1670 Plura
783 1637 884 1670 Joan.
909 1637 1082 1670 Trithem.
1109 1638 1168 1670 lib.
1189 1647 1247 1671 111.
1275 1639 1316 1671 de
1341 1639 1448 1673 illust.
1475 1639 1552 1672 Vir.
1579 1639 1644 1671 Or-

280 1694 351 1726 din.
372 1693 406 1725 S.
426 1692 609 1725 Benedicti
627 1704 700 1737 cap.
722 1703 862 1726 LXXVI.
907 1694 1092 1737 Martyrol.
1111 1693 1214 1726 Rom.
1243 1698 1263 1713 “
1280 1693 1388 1738 Apud
1406 1694 1586 1728 Arbonam
1606 1696 1643 1728 in

282 1749 472 1782 Germania
501 1748 536 1782 S.
569 1749 659 1783 Galli
691 1749 835 1788 abbatis,
867 1750 1027 1792 discipuli
1062 1749 1164 1783 Beati
1200 1749 1439 1784 Columbani.’'
1502 1751 1643 1784 Monas-

279 1805 407 1838 terium
441 1806 661 1848 splendidum
696 1805 889 1838 aedificavit
924 1806 968 1838 ad
1002 1805 1223 1839 Lidiniacum
1257 1805 1397 1845 flumen,
1440 1818 1501 1840 seu
1535 1808 1644 1840 Acro-

280 1862 425 1894 nianum
443 1863 568 1900 lacum,
595 1867 635 1894 ut
660 1861 832 1894 Bruschio
850 1863 972 1904 placet,
1000 1866 1020 1880 “
1037 1867 1158 1895 contra
1183 1863 1274 1895 idola
1299 1867 1439 1896 strenue
1465 1864 1643 1897 conciona-

280 1918 370 1950 tus.”
413 1917 596 1950 Cornelius
615 1917 897 1960 Corvipolitanus
912 1917 971 1951 lib.
987 1918 1029 1951 de
1043 1917 1245 1961 Temporib.
1265 1923 1285 1937 “
1296 1917 1331 1951 S.
1347 1919 1479 1959 Gallus,
1495 1931 1513 1952 e
1527 1920 1643 1954 Scotia

281 1974 435 2011 veniens,
463 1974 557 2016 apud
586 1973 767 2007 Helvetios
798 1974 1048 2007 monasterium
1083 1974 1317 2008 aedificabat.'’
1377 1975 1535 2018 Raphael
1566 1976 1643 2009 Ma-

281 2029 412 2072 phaeus
430 2028 682 2062 Volaterranus
700 2029 759 2062 lib.
780 2038 862 2062 XV1.
881 2029 923 2062 de
941 2030 1005 2063 hoc
1026 2030 1190 2063 coenobio
1213 2035 1248 2064 et
1273 2031 1411 2078 oppido.
1463 2031 1642 2065 Notkerus·

281 2085 450 2118 Balbulus
480 2084 517 2117 in
546 2084 777 2129 Martyrolog.
808 2095 892 2118 XVI.
923 2087 1053 2118 calend.
1083 2086 1272 2120 Novembr.
1306 2092 1327 2106 “
1346 2084 1547 2121 Translatio
1573 2100 1643 2122 cor-

280 2141 374 2184 poris
407 2140 525 2173 Sancti
554 2140 657 2179 Galli,
684 2145 718 2173 et
744 2141 914 2174 dedicatio
939 2142 1102 2185 opiparae
1131 2147 1165 2175 et
1195 2143 1456 2176 decentissimae
1484 2144 1643 2178 basilicae

281 2196 402 2240 ipsius,
434 2207 521 2239 quae
549 2196 640 2229 inter
671 2197 757 2229 duos
784 2202 918 2230 montes
945 2197 1098 2231 Cirrium
1125 2204 1159 2232 et
1185 2198 1537 2233 lValtrammesberch
1565 2211 1643 2233 con-

281 2257 414 2285 structa
447 2257 510 2290 est,
545 2263 565 2284 a
600 2252 742 2285 meridie
770 2252 900 2286 habens
930 2252 1078 2287 fluvium
1105 2254 1282 2295 Steinaha‚
1314 2255 1357 2288 ab
1390 2256 1551 2299 aquilone
1581 2255 1642 2288 ssu-

281 2308 377 2340 vium
421 2307 590 2354 Nigraha,
634 2308 695 2351 qui
738 2309 831 2342 locus
874 2320 916 2343 ex
950 2309 1060 2353 ipsius
1095 2310 1188 2344 beati
1221 2311 1361 2345 nomine
1395 2311 1512 2345 Sancti
1550 2311 1641 2346 Galli
