1861 2682
277 276 337 306 130
647 279 875 311 HISTORIA
899 279 1264 312 ECCLESIASTICA

276 368 408 401 Ibidem
426 370 502 409 loci,
521 374 555 403 et
572 371 666 403 aliud
685 381 823 403 carmen
840 371 1071 403 acrostichum
1089 375 1186 405 extat
1203 372 1365 405 Belisarii
1383 376 1503 416 poetae
1521 382 1528 404 :

476 440 497 468 S
524 439 634 467 edulius
649 440 754 468 Christi
769 440 903 467 miracula
916 440 1041 468 versibus
1056 440 1127 468 eden

474 485 498 511 E
520 486 614 517 micat,
629 486 751 514 invitans
764 496 850 523 parva
863 486 898 514 ad
911 486 1036 514 solennia
1050 495 1147 513 mensa

473 531 499 557 D
521 532 618 568 ignum
634 532 777 559 convivam
788 543 798 566 ,·
820 542 875 560 non
888 532 973 565 hunc,
987 532 1036 569 qui
1051 536 1176 569 carperet
1190 531 1243 560 illu

472 576 499 602 V
527 577 557 604 ix
574 577 648 614 quod
661 578 796 605 nobilium
810 578 917 615 profert
930 578 1035 616 triplici
1049 577 1113 605 aula
1126 583 1206 615 parat

471 622 496 649 L
522 628 616 650 aetum
631 624 705 660 quod
718 624 853 661 ponitque
867 624 919 651 sub
933 633 1016 651 aurea
1029 629 1105 651 tecta
1117 623 1231 651 tribuna

473 668 486 695 I
525 678 543 695 n
560 679 614 705 quo
627 669 794 706 gemmiferi,
808 675 906 706 totque
920 679 1004 697 aurea
1017 679 1082 696 vasa
1095 669 1199 697 canistr

470 714 496 740 V
526 714 602 741 ivida
616 724 666 751 pro
680 714 786 742 modico
800 720 913 752 portant
928 715 980 743 sibi
995 715 1097 752 gaudia
1110 715 1168 743 vict

468 759 489 787 S
522 759 557 787 ed
571 760 645 797 quod
659 760 720 788 olus
734 760 798 788 vilis
811 761 940 798 producit
954 762 1085 799 pauperis
1098 761 1182 789 hortu

467 806 496 832 A
522 815 536 833 c
550 811 612 843 post
627 805 737 833 delitias
751 813 901 844 properant
914 808 963 844 qui
977 817 1087 835 sumere
1101 817 1184 844 magn

472 854 500 880 N
520 854 632 882 ituutur
644 864 760 892 parvum
776 855 939 882 miserorum
954 863 1085 891 spernere
1098 863 1193 890 grame

470 899 495 926 T
521 905 618 928 antum
633 900 706 937 quod
721 900 791 927 nihil
806 905 858 932 est,
872 899 939 927 dum
954 900 995 927 nil
1008 909 1071 927 cum
1086 904 1184 927 ventre
1198 899 1316 927 tumesci

469 945 484 972 I
525 946 629 973 nsidias
643 947 831 983 membrisque
845 955 967 979 movens,
982 946 1147 983 animaeque
1161 945 1242 974 luent

470 991 488 1018 S
523 992 531 1018 i
547 997 642 1019 tamen
656 992 699 1019 his
714 992 832 1029 dapibus
848 992 921 1019 vesci
937 992 1090 1029 dignentur
1104 992 1185 1029 egeni

467 1037 492 1063 Τ
525 1043 621 1065 emnat
635 1038 748 1066 divitias
762 1038 882 1070 animus,
896 1038 1047 1075 paucisque
1060 1037 1173 1074 quiesca

466 1083 491 1109 E
523 1084 635 1121 xemplo
649 1089 793 1121 assumpto
808 1083 933 1115 Domini,
948 1084 996 1120 qui
1010 1083 1100 1110 millia
1112 1083 1219 1120 quinqu

469 1129 487 1155 S
522 1130 621 1157 emotis
635 1130 754 1161 cunctis,
769 1129 883 1157 modicis
897 1129 1011 1157 satiavit
1025 1129 1058 1156 ab
1072 1129 1128 1157 esci

1344 441 1381 1156 wmqm—qz>w:*fflcvmw

318 1211 409 1244 Tota
433 1211 657 1244 scribentium
683 1212 786 1244 turba
812 1211 953 1244 Scotum
979 1211 1063 1244 facit
1080 1222 1158 1244 cum
1176 1211 1359 1244 annalibus
1377 1212 1526 1251 nostris;
1556 1224 1624 1256 quo

267 1267 377 1311 magis
417 1267 525 1300 miror
562 1267 739 1311 theologos
776 1267 1008 1305 Colonienses,
1044 1267 1081 1299 in
1115 1267 1239 1300 ultima
1272 1267 1421 1300 editione
1455 1268 1622 1302 Biblioth.

266 1322 471 1356 Sanctorum
491 1323 648 1361 Patrum‚
671 1324 770 1356 illum
793 1323 934 1356 Scotum
960 1334 1039 1356 cum
1065 1323 1256 1367 adjectione
1279 1321 1544 1357 Hiberncnsem
1565 1336 1624 1368 ap-

266 1380 432 1421 pellasseg
461 1380 554 1422 quod.
571 1390 697 1412 nomen
716 1390 735 1411 a
753 1379 866 1411 sciolis
888 1382 950 1417 est,
972 1390 1052 1411 nam
1070 1390 1181 1422 neque
1198 1379 1344 1422 probato
1361 1381 1432 1413 ullo
1449 1380 1485 1412 id
1502 1382 1623 1414 asseri-

266 1440 324 1467 tur
341 1435 551 1473 testimonio,
569 1446 631 1467 nec
649 1446 689 1467 ea
705 1445 773 1467 vox
791 1439 960 1478 usurpata
977 1434 1107 1468 Sedulii
1125 1446 1210 1467 aevo
1228 1436 1428 1474 cultissimo,
1455 1437 1513 1469 sed
1531 1442 1623 1480 post-

266 1502 305 1523 ea
331 1491 373 1523 ad
399 1491 661 1535 distinguendos
688 1491 807 1523 Scotos
834 1491 1008 1523 silvestres
1034 1502 1094 1523 seu
1117 1498 1299 1524 montanos
1325 1502 1345 1523 a
1362 1491 1623 1526 mediterraneis

266 1552 299 1579 et
313 1546 493 1580 inferiores
507 1547 664 1591 regiones
678 1546 915 1579 habitantibus
929 1547 1133 1591 excogitata.
1162 1546 1365 1579 Bucholzer.
1382 1547 1499 1581 Indice
1513 1548 1622 1582 Chro-

266 1604 378 1646 nolog.
415 1614 494 1646 pag.
527 1611 694 1635 CCLXIII.
724 1607 744 1621 “
771 1602 813 1635 Iu
839 1602 979 1635 ecclesia
1004 1603 1086 1635 clari
1112 1602 1255 1635 fuerunt
1281 1602 1441 1636 Sedulius
1467 1603 1620 1644 Scotus,'⁷

266 1657 327 1691 &c‚
379 1658 499 1691 Vitam
518 1659 591 1702 ejus
611 1659 810 1701 compilavit
828 1657 1005 1691 Antonius
1024 1657 1261 1690 Nebrissensis
1279 1664 1419 1701 patrum
1443 1661 1619 1699 memoria,

264 1719 302 1746 ut
321 1715 354 1746 in
376 1714 592 1747 Bibliotheca
610 1715 706 1747 docet
726 1714 910 1752 Gesnerus,
937 1718 971 1746 et
997 1714 1219 1757 epitomastes
1236 1713 1259 1746 J
1261 1714 1350 1747 osias
1368 1713 1546 1754 Simlerus,
1561 1717 1620 1749 sed

264 1770 417 1802 nondum
444 1771 526 1802 vidi.
579 1770 627 1802 Ut
647 1771 697 1802 illi
717 1770 872 1802 moderni
897 1770 932 1802 in
958 1774 1061 1814 gente
1087 1770 1196 1812 ipsius
1219 1774 1253 1802 et
1278 1770 1391 1812 patria
1417 1776 1544 1809 errant,
1570 1772 1619 1805 ita

264 1837 341 1858 cum
371 1825 550 1859 Gennadio
578 1826 789 1858 Massiliensi
815 1826 882 1858 viri
909 1826 1038 1870 magni,
1064 1826 1123 1868 qui
1150 1825 1299 1858 Carmen
1325 1836 1426 1858 suum
1456 1826 1618 1861 Paschale

264 1883 385 1914 volunt
404 1881 599 1914 Theodosio
614 1882 747 1925 juniori
762 1881 997 1924 inscripsisse3
1017 1885 1134 1914 errant
1148 1882 1302 1924 inquam,
1318 1882 1372 1913 vel
1390 1882 1465 1924 ipso
1479 1882 1618 1917 Sedulio

264 1942 360 1975 teste,
376 1948 455 1969 nam
470 1937 505 1969 in
519 1937 732 1980 praefatione
749 1948 812 1970 sua
829 1937 872 1969 ad
891 1937 1126 1969 Theodosium
1143 1936 1347 1981 Augustum
1365 1938 1527 1976 scribens,
1542 1945 1617 1972 orat

263 2003 339 2024 eum
364 1993 577 2025 commendet
601 2003 686 2035 opus
709 2004 811 2025 suum
834 1993 960 2025 minori
978 1991 1139 2030 Arcadio,
1166 1993 1258 2035 quod
1283 1994 1325 2026 de
1351 1993 1546 2026 Theodosio
1560 1996 1617 2038 ju-

263 2048 351 2080 niori
370 2049 435 2080 dici
453 2059 522 2080 non
540 2053 664 2090 potest,
691 2049 745 2080 cui
763 2049 879 2080 nullus
905 2052 978 2080 erat
1003 2046 1186 2081 Arcadius.
1238 2048 1293 2081 Sic
1319 2049 1435 2092 itaque
1462 2050 1529 2088 ille,
1559 2052 1616 2083 sed

266 2109 424 2146 corrupte
439 2113 448 2141 3
477 2108 517 2135 tu
534 2105 609 2147 lege
627 2114 771 2142 mecum,

482 2197 561 2223 Haec
574 2196 690 2233 relegas,
706 2205 853 2233 servesque
867 2196 924 2228 diu,
939 2196 1087 2234 tradasque
1101 2197 1200 2224 minori

481 2242 610 2275 Arcadio,
626 2242 673 2269 ille
688 2252 737 2269 suo
751 2243 864 2279 generi3
891 2242 929 2269 sic
943 2243 1010 2270 llaec
1024 2248 1073 2270 tua
1087 2252 1195 2280 semper

482 2288 610 2325 Accipiat
625 2287 776 2325 doceatque
790 2298 852 2315 suos
866 2294 984 2325 augusta
998 2298 1124 2325 propago
