1861 2682
231 258 293 288 902
603 256 828 287 HISTORIA
852 254 1214 286 ECCLESIASTICA

236 350 404 383 divinitus
435 359 603 386 accensae,
632 358 700 380 vox
725 357 861 389 quoque
889 345 1031 377 coelitus
1055 345 1184 382 audita,
1211 348 1231 362 “
1256 343 1433 376 Donatum
1457 347 1592 380 antisti-

237 411 306 438 tem
332 404 613 450 designandum.’'
658 402 823 444 Populus,
850 401 1008 432 divinum
1033 399 1239 442 suffragium
1269 409 1395 442 magno
1425 411 1593 434 concursu

237 462 416 504 arripiens,
439 471 517 493 eum
540 458 723 502 pontificiis
749 457 867 490 statim
891 454 1103 488 ornamentis
1127 454 1276 492 ornavit,
1301 455 1338 486 in
1361 465 1430 497 quo
1452 467 1594 490 munere

238 518 356 550 multis
373 517 521 560 gloriose
543 519 727 556 sancteque
750 513 834 545 actis
857 520 1048 554 pauperum
1072 514 1180 552 pater,
1201 509 1372 543 libertatis
1394 513 1596 545 ecclesiasti-

239 584 296 605 cae
314 573 498 605 acerrimus
517 574 754 613 propugnator
771 568 897 600 extitit.
922 566 1052 598 Silvan.
1072 565 1202 598 Razius
1225 565 1262 598 in
1279 565 1364 598 Vita
1385 566 1445 599 SS.
1466 567 1596 600 Hetru-

239 630 310 661 riae
327 640 405 672 pag.
425 635 577 659 CLXVII.
601 625 723 657 Franc.
749 623 930 656 Cattanius
954 620 1118 653 Diacetus
1141 621 1178 653 in
1200 620 1384 664 Episcopis
1402 622 1594 655 Fesulanis.

241 685 309 717 Hic
328 685 487 716 divorum
506 691 649 714 numero
674 679 844 721 ascriptus
867 678 921 710 die
945 685 1048 709 XXII.
1073 676 1213 709 Octobr.
1238 676 1468 722 Martyrolog.
1494 678 1596 711 Rom.

242 740 307 773 Cui
334 736 673 782 magnificentissima
695 734 836 767 ecclesia
858 737 969 766 erecta
992 732 1148 774 Scopeto,
1173 736 1213 764 ut
1231 737 1365 772 vocant,
1389 744 1495 776 prope
1519 733 1598 766 Flo-

242 796 400 832 rentiam,
430 804 517 836 quae
547 797 666 835 postea
695 791 731 822 in
756 790 948 832 prioratum
976 793 1088 820 erecta
1113 792 1165 820 est
1190 798 1281 820 anno
1308 797 1528 821 MCCCCVIII.
1561 795 1599 822 ut

245 851 366 885 scribit
391 850 542 882 Joannes
570 848 732 890 Baptista
757 845 899 890 Signius
925 844 1166 881 Bononiensis,
1193 855 1232 876 eo
1259 844 1387 876 scilicet
1412 855 1502 877 anno
1532 856 1600 888 quo

243 907 505 949 Scopetinorum
531 904 614 937 ordo
638 913 699 946 per
722 901 936 944 Stephanum
961 899 1145 932 senensem
1171 899 1475 944 Augustinianum
1501 900 1600 933 insti-

244 964 366 1000 tuitur,
397 966 430 994 et
461 972 480 993 a
510 959 678 1004 Gregorio
709 957 794 990 XII.
830 955 1063 989 confirmatur.
1098 955 1246 988 Aubert.
1284 955 1440 989 Miraeus
1470 956 1599 989 Chron.

245 1019 388 1062 Scripsit
407 1017 566 1049 Donatus

389 1073 441 1105 De
460 1071 742 1115 Peregrinatione
760 1080 821 1101 sua
1116 1067 1175 1099 lib.
1196 1076 1220 1099 Ι.

388 1130 440 1162 De
459 1128 579 1161 Officio
598 1139 679 1159 suae
698 1125 870 1158 Ecclesiae
1115 1122 1174 1155 lib.
1196 1131 1219 1154 1.

392 1186 433 1218 In
452 1196 564 1218 sacras
583 1184 778 1225 Scripturas
1116 1179 1174 1211 lib.
1195 1188 1218 1210 1.

297 1244 532 1286 Inauguratus
556 1245 607 1272 est
632 1239 769 1282 praesul
793 1247 884 1269 anno
908 1243 1053 1267 DCCCH.
1080 1234 1218 1277 quando
1242 1234 1366 1267 obierit
1390 1245 1458 1267 non
1480 1236 1602 1277 reperi.

249 1300 410 1334 Studium
429 1296 646 1330 commendat
663 1295 826 1326 Diacetus
845 1303 923 1336 pag.
943 1299 1034 1323 CXL.
1063 1290 1205 1332 Semper
1222 1294 1337 1322 autem
1356 1295 1417 1323 aut
1435 1290 1604 1323 scribebat

250 1362 310 1390 aut
328 1354 507 1388 scribenda
524 1350 701 1393 discipulis
719 1348 880 1381 dictabat.

700 1461 733 1493 S.
761 1458 1016 1493 DOMITIUS.
1068 1457 1147 1494 367.

253 1581 313 1613 Dr:
337 1579 372 1611 S.
396 1577 550 1610 Domitio
576 1574 745 1607 sufficient
770 1572 875 1605 verba
902 1571 947 1603 H.
974 1571 1113 1604 Boethii
1139 1571 1197 1603 lib.
1220 1580 1273 1603 lx.
1303 1571 1396 1604 Hist.
1417 1571 1507 1604 Scot.
1526 1582 1604 1616 pag.

255 1643 390 1669 CLXVL
420 1639 439 1651 ‘⁶
457 1632 591 1665 Venere
615 1641 691 1662 cum
716 1641 755 1661 eo
782 1628 830 1670 (S.
856 1627 1036 1671 Columba)
1068 1627 1103 1659 in
1130 1626 1313 1659 Albionem
1340 1627 1405 1659 viri
1428 1627 1606 1660 duodecim

256 1692 385 1724 Christi
399 1691 558 1733 dogmate
573 1686 754 1730 insigniter
766 1684 901 1721 imbuti,
914 1684 971 1715 sed
985 1684 1094 1727 magis
1108 1685 1209 1727 longe
1221 1683 1445 1715 sanctissimis
1457 1683 1607 1716 decorati

255 1747 431 1784 moribus3
459 1744 638 1776 Bathenus
664 1746 697 1773 et
723 1740 900 1777 Cominus,
929 1740 989 1782 qui
1015 1744 1092 1782 post
1119 1739 1305 1772 Columbae
1331 1739 1462 1771 exitum
1493 1750 1609 1771 mona-

256 1805 397 1837 chorum
416 1800 574 1834 claustris
593 1797 755 1841 praefecti
779 1797 869 1828 inter
892 1795 1021 1833 Scotos,
1048 1796 1140 1827 haud
1164 1795 1332 1826 mediocre
1356 1794 1486 1826 Christi
1510 1796 1610 1827 eccle—

257 1861 326 1893 siae
361 1860 462 1890 decus
497 1856 665 1892 attulere;
706 1852 892 1884 Cibthacus
921 1856 954 1883 et
983 1850 1217 1887 Ethernanus,
1249 1849 1435 1882 Columbae
1470 1855 1610 1893 nepotes

258 1928 300 1949 ex
325 1916 442 1951 fratre,
469 1912 599 1944 Christi
627 1909 783 1942 sacerdos
809 1912 975 1949 uterque;
1007 1906 1194 1943 Domitius,
1222 1905 1375 1938 Ruthius
1402 1911 1436 1938 et
1462 1905 1610 1944 Fethuo,

258 1972 350 2005 haud
377 1979 498 2012 parum
524 1967 690 1999 natalium
715 1963 952 2005 amplitudine,
979 1963 1037 1994 sed
1061 1962 1170 2005 magis
1194 1962 1295 2004 longe
1319 1962 1484 2005 religione
1507 1962 1612 1994 hone-

259 2028 359 2064 stati,
375 2025 594 2060 Scandalaus,
605 2020 808 2064 EoglodiuS,
821 2018 1008 2057 Totaneus,
1026 2017 1226 2055 Moteferus‚
1241 2021 1275 2049 et
1287 2016 1470 2049 Gallanus:
1484 2018 1519 2049 hi
1533 2018 1610 2055 viri,

260 2081 428 2115 Columba
444 2081 477 2111 in
495 2078 699 2110 Hiberniam
715 2075 981 2111 transmittente,
999 2074 1113 2105 sedem
1128 2077 1318 2105 statuentes
1333 2072 1369 2103 in
1384 2072 1469 2105 Iona
1486 2073 1609 2111 insula,

261 2138 441 2171 Scotorum
467 2134 714 2174 Pictorumque
739 2131 896 2174 regiones
922 2129 987 2171 piis
1019 2129 1198 2161 lustrando
1224 2128 1418 2166 sudoribus,
1449 2129 1610 2167 docendo,

262 2192 469 2229 disserendo,
484 2189 672 2225 scribendo,
687 2192 873 2228 utrumque
888 2186 1054 2228 populum
1069 2185 1208 2226 optimis
1223 2184 1376 2216 moribus
1395 2189 1429 2216 et
1446 2184 1611 2227 religione

262 2247 493 2282 imbuerunt.”
507 2245 561 2278 Jo.
577 2244 738 2276 Leslaeus
753 2242 810 2274 lib.
825 2250 876 2274 IV.
894 2241 986 2273 Hist.
1002 2240 1092 2272 Scot.
1107 2251 1185 2284 pag.
1202 2248 1295 2271 CLII.
1319 2239 1464 2272 Sanctus
1476 2240 1609 2272 colitur.

264 2306 380 2338 Uvion
398 2304 455 2336 lib.
477 2311 535 2335 111.
555 2300 632 2344 Lig.
652 2299 724 2332 Vit.
744 2309 821 2342 pag.
841 2305 1023 2330 CCCCXIV.
1067 2296 1139 2328 Nec
1162 2296 1242 2328 alibi
1265 2296 1365 2338 plura
1386 2295 1427 2327 de
1445 2295 1609 2328 Domitio.
