1861 2682
559 276 730 308 GENTIS
755 272 1026 309 SCOTORUM,
1050 271 1137 302 LIB.
1163 271 1225 302 ΙΙΙ.
1513 269 1570 298 147

210 382 245 404 re
263 372 374 404 multa
391 369 539 413 scripsit,
567 369 625 402 sed
651 379 739 411 quae
766 368 809 400 ad
834 378 899 405 me,
927 366 1066 398 nomine
1092 370 1193 398 tenus
1221 364 1354 400 saltem,
1382 364 1563 398 venerunt,

208 432 311 461 sunt:

354 482 397 514 In
417 486 530 515 totum
550 481 759 514 Psalterium
779 478 1058 512 Commentarius
1176 476 1234 509 lib.
1256 485 1279 507 1.

355 538 565 570 Collationes
585 537 627 569 ad
647 536 836 569 Monachos
1176 532 1234 564 lib.
1256 540 1279 563 1.

353 594 406 626 De
426 594 584 625 Moribus
603 604 721 625 eorum
1174 588 1233 621 lib.
1254 597 1277 620 Ι.
1298 597 1411 620 versu.

354 650 650 686 Monasteriorum
670 649 827 681 Methodi
1177 646 1236 679 lib.
1257 655 1280 678 1.

354 705 534 748 Epistolae
553 705 596 736 ad
614 704 875 737 Commilitones
1177 703 1236 736 lib.
1257 711 1280 734 Ι.

353 761 534 794 Adversus
554 761 684 805 Regem
704 761 899 794 adulterum
1177 759 1235 791 lib.
1257 767 1281 790 Ι.

354 818 535 861 Epistolae
554 817 597 849 ad
617 816 821 849 Hunaldum
840 816 1065 855 Acrostichis,
1084 816 1127 848 ad
1141 815 1297 852 Sethum,
1316 813 1359 845 ad
1378 811 1570 849 Fedolium,

403 886 423 906 a
441 873 630 905 Melchiore
648 872 814 905 Goldasto
830 874 1035 915 publicatae,
1054 877 1088 905 et
1106 872 1197 904 notis
1216 871 1420 907 illustratae,
1439 868 1497 900 lib.
1519 876 1543 900 1.

356 930 521 963 Carmina
549 927 781 967 Monasticha,
806 940 955 971 quorum
981 929 1087 961 editio
1112 928 1226 971 prima
1253 926 1405 959 Henrico
1431 924 1571 958 Cani-sio

402 986 557 1023 debetur,
1178 983 1236 1016 lib.
1258 991 1282 1015 Ι.

357 1042 493 1086 Regula
528 1039 755 1079 coenobialis,
791 1040 866 1072 MS.
910 1041 946 1073 in
981 1040 1189 1074 bibliotheca
1223 1038 1255 1072 S.
1289 1038 1381 1071 Galli
1417 1039 1454 1070 in
1489 1037 1571 1069 Hel-

405 1098 509 1135 vetia,
532 1097 541 1101 ”
1178 1095 1237 1128 lib.
1258 1105 1282 1128 1.

356 1153 536 1196 Epistolae
554 1153 595 1185 de
615 1152 760 1185 Miseria
777 1152 948 1186 humanae
966 1152 1080 1191 Vitae,
1100 1151 1176 1185 MS.
1196 1151 1323 1184 ibidem
1341 1151 1417 1189 loci,
1436 1150 1494 1183 lib.
1516 1159 1539 1182 1.

356 1208 463 1241 Liber
481 1208 781 1240 poenitentiarum
802 1208 1005 1253 (Trithem.)
1178 1207 1238 1240 lib.
1260 1216 1283 1239 1.

357 1264 547 1297 Instructio
565 1264 607 1295 de
625 1262 722 1301 Fide,
749 1268 783 1296 et
809 1265 876 1296 alia
901 1266 1078 1303 nonnulla,
1105 1264 1154 1297 ait
1182 1263 1392 1296 Hartmotus
1415 1264 1451 1295 in
1477 1267 1574 1295 nota-

406 1321 501 1352 tione
519 1319 687 1351 librorum
705 1319 765 1362 qui
784 1325 866 1352 sunt
883 1320 920 1351 in
938 1319 1055 1352 Sancti
1073 1320 1165 1353 Galli
1184 1320 1401 1358 bibliotheca,
1421 1319 1479 1352 lib.
1502 1326 1526 1350 Ι.

260 1377 367 1412 Venit
385 1387 427 1410 ex
447 1375 618 1408 Hibernia
635 1375 672 1407 in
690 1374 912 1408 Britanniam
936 1387 1027 1408 anno
1052 1384 1246 1408 DXXXVII.
1273 1381 1313 1408 ut
1332 1376 1494 1420 Rhegino
1518 1375 1576 1408 ab·

213 1435 273 1468 bas
291 1432 497 1467 Pruviensis
516 1432 606 1470 vult,
636 1431 695 1464 sed
718 1432 830 1464 multo
848 1432 958 1465 serius
977 1443 994 1465 e
1013 1431 1128 1465 Scotia
1146 1433 1183 1464 in
1201 1431 1367 1476 Angliam
1387 1432 1572 1470 descendit,

214 1495 253 1523 ut
286 1489 442 1532 loquitur
484 1487 686 1520 Matthaeus
725 1486 1110 1522 lVestmonasteriensis
1145 1498 1236 1521 anno
1272 1496 1412 1520 DLer.
1481 1487 1575 1520 Eum

213 1546 278 1579 sub
312 1544 482 1578 Mauritio
511 1543 605 1587 Aug.
634 1544 725 1576 locat
754 1543 1013 1588 Wingartensis
1044 1545 1233 1578 monachus
1261 1544 1298 1576 in
1328 1543 1457 1576 Clu-on.
1492 1549 1574 1576 tom.

216 1611 241 1635 Ι.
268 1601 456 1644 Antiquar.
485 1600 640 1632 Lection.
668 1599 810 1632 Canisii.
859 1600 1071 1634 Coenobium
1090 1601 1291 1634 Luxovium
1309 1600 1463 1633 condidit
1486 1611 1576 1633 anno

218 1667 313 1692 Den.
346 1657 515 1702 Sigebert.
544 1656 696 1689 Bobium
720 1666 812 1695 vero,
840 1657 914 1690 sive
940 1657 1103 1696 Bovium,
1135 1657 1266 1690 struxit
1296 1667 1386 1688 anno
1415 1664 1508 1689 Dxc.
1537 1662 1576 1688 ut

216 1715 378 1747 Mariano
396 1714 518 1756 placet,
539 1713 593 1745 vel
611 1723 702 1745 anno
721 1720 829 1746 DCIV.
849 1713 1018 1757 Sigebert.
1038 1714 1136 1746 Obiit
1154 1724 1245 1746 anno
1264 1721 1435 1745 DXCVIII.
1462 1712 1578 1745 West-

215 1775 400 1803 monaster.
431 1770 485 1802 vel
516 1768 666 1801 Marian.
696 1770 750 1801 vel
778 1780 869 1802 anno
898 1778 1021 1801 Dcxx.
1062 1769 1242 1808 Boethius,
1276 1770 1330 1801 vel
1357 1777 1511 1801 Dcxxx.
1537 1775 1575 1801 ut

216 1826 388 1869 plerisque
407 1826 533 1858 visum.
585 1824 676 1869 EJus
694 1825 866 1868 discipuli,
885 1830 924 1858 ut
943 1826 1138 1858 nominatos
1157 1826 1315 1858 omittam
1334 1835 1464 1863 omnes,
1483 1836 1578 1857 sanc-

216 1883 261 1915 tis
295 1881 523 1920 adnumerati,
559 1880 734 1920 Deicolus,
770 1881 1002 1920 Chanoaldus,
1035 1880 1249 1920 XValbertus,
1283 1881 1473 1918 Chillenus,
1508 1880 1578 1913 Va-

217 1939 355 1977 laricus‚
392 1938 632 1971 VVandelinus.
676 1937 848 1971 Trithem.
885 1938 944 1970 lib.
978 1946 1036 1970 111.
1071 1938 1113 1970 de
1146 1937 1223 1971 Vir.
1258 1937 1420 1970 illustrib.
1453 1937 1575 1970 Ordin.

217 1994 252 2027 S.
282 1994 485 2032 Benedict13
521 1998 556 2027 et
588 1994 749 2027 meminit
784 1994 1010 2039 Egilwardus
1040 1994 1100 2027 lib.
1137 2002 1195 2026 111.
1227 1994 1269 2026 de
1302 1993 1337 2027 S.
1373 1993 1577 2026 Burchardo

218 2062 290 2094 cap.
313 2059 354 2082 11.

701 2162 737 2194 S.
765 2162 959 2196 CELSUS.
1011 2165 1092 2196 245.

220 2276 254 2308 S.
283 2275 446 2314 CELSUS,
474 2274 735 2319 religiosissimo
759 2275 1003 2318 peregrinandi
1033 2280 1115 2308 voto
1141 2280 1311 2319 suscepto,
1338 2276 1374 2309 in
1400 2274 1577 2320 Angliam,

219 2337 323 2374 atque
357 2331 436 2364 inde
470 2331 505 2363 in
541 2330 702 2375 Belgium
738 2330 924 2373 profectus,
958 2331 1151 2365 incredibili
1185 2332 1306 2365 ardore
1340 2331 1471 2364 Christi
1502 2342 1580 2364 cau-
