1861 2682
279 232 359 261 294*
660 233 885 265 HISTORIA
910 234 1272 267 ECCLESIASTICA

474 324 626 363 blicavit,
640 330 674 358 et
688 325 860 357 dedicavit
876 324 900 357 J
902 326 1006 359 acobo
1025 325 1186 366 Betonio,
1206 327 1340 360 Scotiae
1354 328 1507 370 primati,
1525 335 1642 372 postea

473 380 652 413 cardinali.

426 435 733 469 Continuationem
752 435 852 469 Pauli
872 435 1015 470 Aemilii
1036 436 1216 471 Historiae
1236 437 1397 477 Gallicae,
1416 443 1452 472 et
1468 440 1546 473 alia.

329 491 463 523 Claruit
482 502 572 524 anno
593 500 756 525 MDxxx.

782 605 816 638 S.
844 605 1016 638 FULCO.
1068 608 1149 639 555.

285 722 303 733 ‘⁶
322 715 356 748 S.
376 715 524 755 FULCO,
544 717 708 755 Fulchus,
727 721 788 750 aut
806 717 984 757 Fulchius,
1004 718 1064 761 qui
1083 729 1125 751 ex
1142 723 1245 763 gente
1263 718 1365 752 Scota
1378 720 1576 759 oriu11dus,”
1591 721 1642 752 in-

283 772 359 814 quit
377 771 628 805 Constantinus
655 772 806 806 Ghinius
831 784 910 818 pag.
931 782 1075 806 LXXIX.
1104 778 1124 792 “
1144 774 1343 808 Placentiae
1369 775 1479 808 literis
1505 787 1643 819 operam

283 827 401 866 dans‚''
439 828 681 861 canonicorum
721 828 1022 869 Lateranensium,
1067 831 1110 863 ad
1153 830 1188 863 S.
1222 830 1452 874 Euphemiae‚
1486 832 1644 865 habitum

284 883 421 922 induit;
454 883 607 916 Parisios
633 884 759 917 missus
785 885 980 918 studiorum
1006 897 1088 931 ergo
1116 886 1402 931 theologicorum,
1433 897 1472 920 ac
1503 887 1644 921 Placen-

284 939 368 971 tiam
392 950 562 978 reversuS‚
588 940 808 983 praepositus
833 941 987 975 coenobii
1013 943 1066 975 sui
1093 942 1232 984 factus3
1262 947 1337 975 tum
1364 943 1644 988 archipresbyter

284 994 490 1027 cathedralis
529 995 699 1034 ecclesiae,
739 1001 773 1029 et
807 1001 944 1030 mortuo
978 997 1152 1031 Grimerio
1186 999 1367 1042 episcopus
1401 1003 1548 1038 creatus,
1583 1001 1642 1033 sed

284 1056 362 1093 post
387 1062 447 1083 sex
473 1062 591 1090 annos,
622 1052 731 1085 literis
759 1052 907 1086 Honorii
934 1053 1001 1087 III.
1029 1055 1072 1087 ad
1098 1054 1319 1087 Ticinensem
1345 1055 1461 1088 sedem
1489 1061 1642 1096 vocatus,

286 1107 466 1151 singulari,
493 1113 534 1140 ut
558 1108 667 1150 prius,
693 1099 877 1141 sanctitate
902 1111 1085 1152 praesedit,
1111 1114 1152 1143 ut
1178 1110 1346 1144 miracula
1371 1110 1473 1144 fidem
1498 1111 1642 1145 faciunt.

286 1162 381 1196 Haec
399 1174 441 1196 ex
465 1163 583 1206 Spelta
600 1164 636 1197 in
654 1163 739 1197 Vita
756 1163 1011 1208 Episcoporum
1030 1165 1266 1209 Papiensium,
1285 1171 1320 1199 et
1338 1166 1502 1200 Breuent.
1522 1168 1559 1200 in
1578 1167 1644 1201 Hi-

286 1219 404 1258 storia,
444 1224 548 1264 atque
587 1221 692 1254 etiam
725 1220 855 1254 Jacobo
889 1221 1013 1255 Gualla
1047 1223 1083 1254 in
1119 1221 1324 1256 Sanctuario
1368 1222 1506 1265 Papiae,
1548 1224 1644 1256 insu—

283 1286 344 1317 per
374 1275 484 1308 officia
509 1277 692 1320 utriusque
720 1277 890 1316 ecclesiae,
920 1289 963 1310 ex
988 1278 1114 1320 quibus
1142 1278 1261 1310 eadem
1289 1278 1417 1321 Philip.
1446 1278 1641 1318 Ferrarius,

284 1332 410 1365 iterum
429 1333 560 1365 ordinis
578 1332 766 1366 Servorum
783 1334 965 1377 generalis,
984 1334 1025 1366 de
1042 1332 1178 1366 Sanctis
1197 1333 1319 1366 Italiae
1345 1345 1424 1379 pag.
1445 1343 1641 1368 DCLXXIV.

285 1388 345 1430 qui
364 1389 412 1421 sic
430 1393 565 1421 narrat:
587 1394 607 1407 ‘⁶
625 1389 765 1427 Fulcus,
784 1400 844 1421 seu
863 1388 980 1427 Fulco,
1000 1390 1139 1422 natione
1157 1389 1316 1422 Scotus:”
1342 1391 1433 1423 unde
1451 1391 1564 1423 oritur
1581 1392 1643 1424 du-

285 1444 381 1477 bium
400 1445 436 1477 in
454 1445 611 1483 historia,
639 1445 728 1478 sitne
754 1445 809 1477 hic
835 1445 890 1477 vir
914 1445 1153 1478 sanctissimus
1178 1449 1281 1489 gente
1308 1444 1441 1484 Scotus,
1468 1451 1508 1479 ut
1534 1448 1644 1490 loqui-

284 1506 343 1533 tur
372 1500 532 1538 Ghinius,
563 1501 628 1533 hoc
655 1505 716 1539 est,
747 1511 790 1533 ex
819 1500 952 1533 familia
981 1500 1162 1533 Scotorum
1193 1500 1406 1540 Placentina,
1433 1513 1476 1534 an
1503 1503 1643 1536 natione

287 1556 421 1595 Scotus,
452 1561 491 1588 ut
519 1556 623 1589 habet
655 1556 848 1589 Ferrarius.
912 1556 977 1589 Vir
1005 1556 1259 1594 ornatissimus,
1288 1556 1448 1600 idemque
1478 1558 1643 1591 historiae

286 1613 531 1645 ecclesiasticae
559 1612 835 1650 callentissimus,
867 1612 991 1644 Petrus
1019 1611 1134 1644 Maria
1159 1611 1323 1655 Campus,
1352 1614 1535 1646 canonicus
1566 1614 1643 1647 Pla-

287 1669 456 1705 0011111105,
493 1673 608 1701 censet
637 1679 716 1700 eum
747 1678 816 1700 non
850 1668 886 1699 in
920 1667 1037 1700 Scotia
1069 1672 1203 1706 natum,
1237 1669 1296 1701 sed
1331 1680 1373 1701 ex
1407 1670 1643 1703 illustrissima

291 1724 472 1757 Scotorum
493 1723 689 1756 Placentiae
707 1728 832 1767 gente;
861 1728 893 1756 et
913 1734 955 1756 ex
982 1725 1100 1757 multis
1127 1725 1224 1763 actis,
1250 1729 1354 1768 atque
1379 1725 1464 1758 adeo
1489 1726 1645 1759 testimo-

287 1781 344 1812 nio
371 1780 480 1822 ipsius
508 1779 657 1818 Fulchii,
684 1779 807 1822 probat
828 1790 907 1812 eum
936 1791 1027 1813 anno
1054 1781 1177 1813 aetatis
1204 1791 1287 1813 suae
1314 1781 1419 1813 tertio
1446 1780 1643 1815 Placentiae

286 1836 404 1874 fuisse,
423 1842 462 1868 ut
480 1836 534 1867 vel
553 1836 622 1867 illic
640 1841 762 1868 natum
780 1840 948 1878 oporteat,
975 1837 1029 1868 vel
1052 1836 1222 1869 infantem
1239 1836 1355 1869 Scotia
1372 1836 1497 1869 efferri.
1550 1837 1643 1870 Hinc

286 1897 382 1935 patet
420 1902 523 1934 quan]
564 1892 702 1933 stupide
742 1891 916 1924 Henricus
955 1891 1172 1925 Fitz-Simon
1208 1891 1402 1926 Hirlandus
1446 1892 1643 1927 Hibernum

287 1949 379 1981 hunc
408 1952 565 1980 sanctuni
593 1947 722 1985 fecerit,
750 1958 811 1979 nec
837 1947 905 1979 alia
929 1948 1063 1980 ratione
1089 1959 1195 1990 quam
1220 1949 1303 1992 quia
1327 1953 1430 1992 gente
1456 1948 1558 1982 Scota
1584 1961 1644 1983 na-

286 2011 353 2037 tus.
411 2003 515 2035 Bulla
552 2003 702 2035 Honorii
732 2002 799 2035 III.
831 2004 874 2036 de
903 2014 972 2046 quo
1002 2003 1168 2042 dicebam,
1198 2004 1235 2037 in
1264 2004 1437 2037 tabulario
1465 2004 1642 2038 Ticinensi

287 2064 473 2098 asservata,
490 2059 538 2091 sic
549 2059 718 2101 loquitur:
737 2063 757 2077 ‘⁶
769 2058 803 2091 S.
819 2058 975 2097 Fulconi,
989 2059 1148 2102 episcopo
1163 2059 1357 2103 Papiensi.'’
1383 2060 1462 2105 Ego
1477 2061 1513 2093 in
1526 2061 1643 2095 Mene-

287 2117 379 2161 logio
411 2125 489 2159 pag.
522 2123 653 2146 XXVII.
684 2125 865 2157 perperam
894 2115 1016 2157 putavi
1044 2127 1064 2148 a
1090 2115 1267 2149 Ticinensi
1295 2117 1374 2149 sede
1402 2117 1445 2150 ad
1473 2116 1644 2151 Placenti-

286 2183 367 2205 nam
392 2172 611 2207 translatum,
638 2181 717 2203 cum
744 2181 761 2202 e
787 2175 907 2204 contra
932 2182 952 2204 a
978 2171 1179 2205 Placentina
1204 2173 1247 2205 ad
1274 2172 1492 2206 Ticinensem
1516 2174 1643 2217 migra-

287 2230 344 2262 rit.
396 2228 533 2271 Spiritu
563 2226 766 2271 prophetiae
794 2227 1020 2266 nobilitatum
1056 2239 1136 2260 nam
1171 2239 1250 2261 cum
1284 2233 1488 2273 paupertate
1520 2240 1643 2273 paren-

287 2291 361 2318 tum
403 2295 533 2328 suaque
572 2288 709 2317 coactus
753 2284 868 2317 cibum
910 2288 1053 2327 peteret,
1099 2284 1222 2317 ancilla
1263 2285 1463 2318 mercatoris
1501 2295 1642 2317 manuni
