1861 2682
614 248 784 280 GENTIS
807 248 1078 285 SCOTORUM,
1102 249 1189 280 LIB.
1216 250 1253 280 V.
1552 254 1613 283 253

263 340 433 383 piternam
446 340 597 383 quietem
610 341 882 385 commigravit.”
918 341 1122 375 Vincentius
1136 342 1194 375 lib.
1211 350 1324 375 XXIV.
1340 341 1476 386 Speculi
1492 343 1611 378 Histo-

263 397 357 428 rialis
371 407 443 439 cap.
459 404 571 429 CXIV.
585 405 674 429 CXV.
727 396 934 430 Bercharius
948 408 955 429 :
976 401 997 415 ‘⁶
1010 396 1230 431 Luxoviense
1243 399 1491 431 monasterium
1510 411 1611 443 expe-

263 452 330 490 tiit,
349 452 408 485 ubi
434 452 499 484 sub
524 452 646 484 abbate
670 453 703 485 S.
724 452 914 485 Eustachio
937 453 1162 486 monasticam
1188 454 1296 486 vitam
1321 454 1453 487 duxit.”
1502 455 1610 488 Jonas

261 507 298 539 in
318 506 399 540 Vita
416 507 450 540 S.
471 507 655 550 Bertulphi
675 509 710 540 in
729 509 847 541 limine
863 518 870 540 :
898 512 918 526 “
935 508 993 540 Ad
1011 508 1241 541 venerabilem
1260 510 1375 542 virum
1394 509 1609 550 Eustasium,

260 562 515 595 Luxoviensem
533 562 702 602 abbatem,
726 574 761 596 se
779 564 955 597 contulit.”
1005 563 1205 597 Promiscue
1231 576 1314 609 ergo
1331 565 1373 597 ab
1390 565 1445 598 his
1463 568 1610 600 vetustis

259 619 457 651 auctoribus
483 617 706 658 Eustachius,
737 618 935 659 Eustasius,
963 619 1147 653 Eustatius
1173 626 1327 654 vocatur.
1379 620 1547 666 Sigebert.
1574 624 1611 655 in

259 673 440 713 Chronico,
459 678 492 707 et
510 674 567 707 lib.
588 674 629 707 de
647 674 722 707 Vir.
743 676 868 708 illustr.
887 686 960 719 cap.
981 684 1063 708 LXI.
1106 675 1208 709 Joan.
1224 675 1397 709 Trithem.
1412 677 1470 710 lib.
1492 687 1550 711 111.
1568 679 1609 711 de

258 729 333 762 Vir.
353 730 479 764 illustr.
502 730 625 763 Ordin.
644 731 679 763 S.
698 730 879 764 Benedicti
901 743 973 775 cap.
994 740 1090 764 LXX.
1133 731 1328 765 Solennitas
1351 733 1425 777 ejus
1448 735 1610 767 recolitur

256 786 299 819 ab
325 787 463 819 ecclesia
489 787 544 819 die
571 795 686 819 XXIX.
713 787 846 820 Martii.
891 788 1120 832 Martyrolog.
1147 787 1295 821 Roman.
1329 792 1351 807 ‘⁶
1370 788 1412 821 In
1437 795 1609 823 monaste-

256 842 308 875 rio
325 841 539 875 Luxoviensi
557 843 727 885 depositio
746 843 781 876 S.
799 842 957 876 Eustasii
980 843 1126 883 abbatis,
1151 844 1312 887 discipuli
1337 845 1371 878 S.
1391 844 1607 884 Columbani‚

256 898 316 941 qui
334 897 441 931 ferme
459 907 521 930 Dc.
545 899 791 931 monachorum
810 904 908 942 pater
924 899 1003 937 fuit,
1028 904 1062 932 et
1080 900 1173 934 vitae
1190 901 1374 934 sanctitate
1391 902 1606 944 conspicuus,

255 954 360 986 etiam
378 954 553 986 miraculis
572 954 730 987 claruit.”
781 953 913 986 Eadem
932 954 1012 987 Ado
1030 954 1261 995 Trevirensis,
1285 956 1391 995 Beda,
1416 956 1607 997 Usuardus,

256 1009 490 1052 MaurolycuS,
511 1010 719 1048 Galesinius,
739 1015 773 1043 et
796 1010 865 1048 alii,
892 1021 1039 1053 quorum
1065 1012 1224 1044 nonnulli
1250 1023 1330 1045 eum
1355 1011 1489 1045 Scotiae
1514 1024 1608 1046 meae

254 1065 464 1109 adjudicant,
495 1065 553 1097 alii
584 1065 856 1110 Burgundorum
889 1077 1012 1111 regum
1047 1068 1216 1112 sanguine
1248 1072 1365 1101 ortum
1396 1069 1607 1104 existimant.

252 1121 345 1163 quod
362 1120 450 1153 forte
469 1131 600 1153 verum.

299 1175 436 1209 Floruit
454 1187 544 1209 anno
563 1185 731 1209 DCXXIV.
784 1177 919 1211 Colitur
937 1186 1053 1211 XXIX.
1073 1178 1207 1218 Martii,
1227 1184 1262 1213 et
1280 1188 1352 1212 XII.
1373 1180 1494 1214 Octob.

720 1288 754 1321 S.
783 1288 1023 1322 EUNOCUS.
1052 1289 1132 1323 463.

250 1400 285 1433 S.
305 1398 506 1438 EUNocUs‚
531 1399 722 1442 discipulus
746 1399 781 1433 S.
806 1400 1023 1440 Columbani‚
1041 1406 1255 1436 memoratur
1278 1415 1297 1436 a
1320 1403 1411 1437 Jona
1429 1403 1531 1438 Scoto
1548 1405 1608 1438 ab·

250 1455 328 1488 bate
353 1456 389 1487 in
415 1454 499 1488 Vita
524 1456 617 1488 illius
647 1455 681 1488 S.
709 1466 781 1499 cap.
802 1465 891 1489 XIII.
944 1461 965 1476 “
982 1457 1142 1495 Quatuor
1166 1459 1297 1503 insigni
1322 1460 1489 1504 religione
1514 1462 1606 1494 viros

248 1522 310 1555 per
327 1514 477 1554 quatuor
493 1512 615 1544 messis
636 1513 780 1556 angulos
799 1513 962 1556 disponit,
981 1518 1077 1556 puta,
1101 1514 1310 1554 Cominium,
1335 1515 1531 1555 Eunoeum,
1555 1523 1606 1551 at-

249 1577 317 1610 que
333 1566 598 1609 Atquananum,
626 1578 669 1600 ex
693 1567 874 1601 Scotorum
897 1581 1033 1614 genere,
1059 1575 1224 1613 quartum
1242 1571 1449 1617 Gurganum
1467 1574 1606 1606 natione

249 1622 465 1655 Britonem.’'
514 1622 661 1666 Scripsit

393 1676 501 1711 Gesta
518 1678 727 1712 Columbani
745 1679 907 1725 Magistri
1162 1683 1222 1716 lib.
1242 1692 1266 1716 1.

295 1734 432 1767 Claruit
455 1745 546 1767 anno
565 1743 672 1767 DCVI.
723 1735 889 1769 Sanctum
907 1737 1010 1771 habet
1032 1749 1111 1771 eum
1136 1749 1320 1777 nonnemo,
1344 1744 1513 1783 putatque
1537 1742 1601 1773 dici

249 1789 383 1823 Enoch.
435 1790 571 1823 Colitur
589 1791 643 1824 die
663 1800 703 1823 11.
723 1791 863 1825 Octobr.
916 1793 1069 1826 Subense
1087 1793 1392 1839 Martyrologium.

700 1902 734 1935 S.
763 1902 1010 1937 ERNANUS.
1063 1904 1143 1938 464.

249 2017 268 2030 ‘⁵
283 2011 316 2044 S.
336 2011 544 2051 ERNANUS,
563 2013 597 2045 S.
618 2013 805 2048 Columbae
822 2016 1022 2059 discipquS,
1041 2017 1221 2060 presbyter
1238 2029 1276 2051 ac
1294 2020 1510 2062 praepositus
1529 2031 1600 2053 mo-

248 2068 389 2100 nasterii
413 2069 449 2100 in
473 2067 603 2101 Himba
626 2069 770 2108 insula‚”
792 2071 840 2103 ait
863 2071 896 2103 S.
920 2071 1149 2116 Adamannus
1174 2074 1210 2106 in
1239 2073 1323 2107 Vita
1353 2074 1386 2107 S.
1413 2075 1599 2109 Columbae

248 2123 306 2155 lib.
328 2132 351 2155 1.
371 2134 443 2166 cap.
464 2132 594 2156 XXVII.
645 2124 789 2167 Scripsit

391 2178 662 2212 Exhortationes
680 2180 723 2212 ad
741 2180 881 2214 Fratres
899 2183 935 2214 in
954 2182 1084 2216 Himba
1102 2184 1222 2218 Insula
1304 2187 1361 2219 lib.
1383 2175 1414 2219 1.

391 2234 432 2267 In
452 2234 622 2279 Regulam
641 2234 674 2267 S.
694 2235 733 2268 P.
753 2236 939 2270 Columbae
1306 2243 1363 2275 lib.
1384 2251 1408 2275 Ι.

296 2290 432 2323 Floruit
456 2301 546 2323 anno
571 2299 675 2323 DCVI.
728 2291 832 2324 Hunc
858 2293 961 2326 etiam
988 2294 1080 2328 inter
1104 2296 1203 2330 divos
1229 2303 1402 2340 reponunt
1427 2299 1595 2337 nonnulli,
