1861 2682
626 273 797 306 GENTIS
821 273 1091 312 SCOTORUM,
1116 274 1203 306 LIB.
1228 274 1272 305 11.
1575 275 1630 304 101

314 365 413 399 Obiit
431 366 466 399 in
484 365 615 410 Anglia
633 376 724 399 anno
744 374 1015 400 mcceLxxxn.
1066 366 1299 400 Continuator
1317 365 1484 400 Forduni.

512 477 797 512 GREGORIUS
822 477 1243 512 BRIDLINGTONUS.
1298 481 1376 515 179.

264 589 497 623 GREGORIUS
529 590 795 636 Bridlingtonus
824 590 868 624 ab
896 591 1023 635 oppido
1055 590 1338 628 Northumbriae,
1369 590 1429 624 ubi
1459 590 1623 623 educatus

262 644 341 683 fuit,
383 656 509 679 nomen
542 647 682 690 accepit,
720 657 761 679 eo
794 646 923 680 scilicet
957 651 1122 690 tempore,
1155 657 1225 690 quo
1259 645 1515 680 Northurnbria
1548 646 1622 689 regi

263 701 397 734 Scotiae
438 702 592 744 parebat,
635 702 672 734 in
713 701 876 736 coenobio
917 701 1082 735 Glenluce
1119 702 1327 735 monachum
1361 701 1623 735 cisterciensem

263 756 387 795 induit,
418 762 452 790 et
481 758 634 791 maxima
661 758 856 792 sanctitatis
882 763 917 791 et
943 758 1147 791 eruditionis
1173 757 1266 791 fama
1292 757 1430 791 floruit:
1457 758 1515 790 sed
1541 758 1623 800 quia

262 813 353 845 altus
379 819 431 846 est
457 814 493 846 in
519 813 784 853 Northumbria,
810 813 898 847 falso
922 813 1021 847 illum
1047 814 1158 847 civem
1183 824 1287 847 suum
1316 813 1425 859 Angli
1455 812 1620 846 fecerunt.

263 868 408 911 Scripsit

406 926 517 970 Super
534 927 678 960 Cantica
1174 926 1232 959 lib.
1252 935 1276 959 Ι.

406 982 518 1025 Super
535 983 650 1016 varios
669 993 784 1016 sacrae
803 981 1003 1026 scripturae
1022 982 1157 1016 Textus
1175 982 1235 1015 lib.
1255 990 1354 1015 xxx.

407 1038 589 1072 Sermones
1173 1038 1232 1071 lib.
1253 1047 1277 1070 1.

406 1094 458 1127 De
475 1094 564 1127 Arte
582 1094 734 1128 Musices
1172 1094 1231 1127 lib.
1252 1102 1309 1127 111.

406 1149 574 1183 Lecturas
592 1150 748 1193 publicas
1171 1150 1230 1183 lib.
1252 1158 1276 1182 1.

309 1204 447 1237 Floruit
471 1215 563 1238 anno
591 1213 777 1239 Mccxvn.
806 1206 911 1239 Hunc
937 1207 1044 1250 aliqui
1070 1206 1159 1239 falso
1184 1205 1220 1239 S.
1246 1206 1440 1251 Augustini
1466 1206 1621 1250 regulam

259 1261 457 1304 amplexum
474 1260 641 1299 scribunt,
659 1271 739 1294 cum
756 1261 863 1295 fuerit
883 1262 1082 1296 Carmelita.

671 1370 1076 1406 BERENGUIDDUS.
1130 1374 1146 1405 1
1153 1374 1209 1406 80.

262 1485 589 1519 BERENGUIDDUS
607 1485 741 1524 Scotus,
759 1489 794 1518 et
811 1484 993 1530 theologus
1015 1485 1248 1524 acutissimus,
1273 1485 1377 1518 etiam
1396 1483 1622 1519 Sorbonensis

260 1541 436 1575 facultatis
460 1542 584 1581 socius,
604 1546 638 1575 et
656 1541 804 1574 eximius
822 1540 1053 1581 concionator,
1077 1546 1118 1575 ut
1135 1552 1178 1574 ex
1194 1541 1218 1574 J
1220 1541 1315 1576 acobi
1334 1540 1461 1586 Langii
1479 1542 1623 1585 epistola

260 1597 410 1640 quadam
428 1602 536 1641 patet,
554 1597 693 1641 scripsit

406 1652 449 1687 In
466 1652 704 1697 Apocalypsin
731 1653 792 1686 lib.
813 1661 837 1685 1.
862 1664 965 1697 quem
984 1654 1057 1687 vidi
1075 1654 1112 1688 in
1129 1653 1261 1700 Anglia
1279 1654 1316 1687 in
1333 1653 1487 1698 Collegio
1505 1651 1539 1685 S.
1560 1652 1622 1685 Be-

451 1709 579 1743 nedicti
598 1708 855 1754 Cantabrigiae.

309 1765 459 1799 Vivebat
476 1776 567 1799 anno
587 1773 832 1798 MCCCCXLVI.

716 1877 1032 1911 BERNARDUS.
1084 1880 1162 1911 181.

261 1990 522 2029 BERNARDUS‚
571 1995 801 2035 cognomento
848 1989 1003 2034 Sapiens,
1053 1990 1197 2023 concilio
1244 1989 1513 2023 Claromontano
1559 1990 1623 2023 sub

261 2045 403 2079 Urbano
430 2045 477 2079 ΙΙ.
504 2045 675 2083 interfuit,
701 2050 736 2079 et
761 2046 805 2079 ab
830 2047 947 2080 eodem
978 2046 1139 2090 pontifice
1170 2046 1207 2078 in
1237 2045 1387 2078 Scotiam
1418 2056 1495 2078 cum
1527 2056 1624 2078 man-

259 2102 349 2134 datis
382 2102 519 2141 missuS‚
558 2107 678 2135 auctor
717 2101 786 2136 fuit
819 2103 939 2136 multis
974 2101 1212 2145 optimatibus,
1248 2106 1288 2134 ut
1322 2111 1419 2134 arma
1452 2112 1515 2144 pro
1549 2108 1621 2134 tam

258 2162 377 2191 sancta
406 2168 509 2191 causa
538 2157 733 2196 induerent,
763 2159 1043 2202 conscriptosque
1071 2158 1198 2191 milites
1230 2162 1368 2190 secutus
1402 2156 1491 2190 bello
1524 2168 1621 2190 sacro

258 2213 429 2252 interfuit,
464 2219 498 2247 et
533 2213 718 2247 Arthesiae
751 2215 930 2257 episcopus
963 2214 1097 2257 primus
1131 2214 1174 2247 de
1208 2212 1346 2246 Latinis
1389 2218 1441 2246 est
1474 2218 1620 2246 creatus.

258 2269 400 2303 Gauter.
431 2269 619 2303 Cancellar.
648 2268 734 2302 Bell.
761 2269 970 2303 Antiochen.
996 2280 1076 2314 pag.
1103 2277 1318 2303 CCCCXLIX.
1379 2268 1620 2311 Archiepiscm

258 2337 322 2369 pus
352 2325 552 2360 Edessanus
583 2329 728 2365 creatuS,
760 2326 894 2369 primus
923 2325 1203 2359 Christianorum
1233 2325 1347 2358 sedem
1383 2325 1476 2357 illam
1507 2334 1620 2366 posse-

849 2655 897 2680 ΗΣ]
934 2664 965 2668 ,

903 2661 951 2682 151¹.
970 2654 1021 2682 ‘s'
