1861 2682
637 248 809 283 GENTIS
834 243 1106 282 SCOTORUM,
1129 243 1216 275 LIB.
1242 241 1318 272 VII.
1596 240 1657 274 323

486 355 541 388 po,
560 343 648 376 falso
667 341 884 375 attribuitur.

344 401 480 435 Floruit
498 411 589 433 anno
609 405 819 432 Mcxxvln.

753 509 788 542 S.
815 505 1070 541 GELASIUS.
1122 504 1203 540 603.

296 624 331 657 S.
351 623 554 657 GELASIUS
572 622 761 660 Diaconus,
780 621 963 655 sanctitate
981 629 1130 658 morum,
1156 622 1191 652 et
1208 618 1403 652 eruditione
1421 620 1545 658 clarus,
1573 626 1658 653 stre-

296 691 364 713 nue
387 680 531 712 verbum
550 679 694 712 Domini
717 676 944 722 popularibus
970 675 1042 709 suis
1068 674 1300 718 praedicabat,
1327 684 1407 707 cum
1433 675 1599 719 reliquiae
1625 675 1659 709 S.

298 736 460 769 Andreae
478 735 626 779 apostoli
645 735 681 767 in
700 733 863 772 Scotiam,
881 737 957 766 tum
977 731 1219 770 Pictlandiam,
1245 730 1288 763 ab
1309 730 1343 764 S.
1364 730 1501 776 Regulo
1527 732 1661 766 delatae

297 797 391 825 sunt.
444 792 582 835 Scripta
598 801 668 823 non
686 794 818 829 extant,
838 793 975 832 praeter

444 847 637 881 Homiliam
655 847 697 879 de
715 845 912 879 Nativitate
930 844 1063 878 Christi
1258 844 1317 878 lib.
1338 854 1362 878 1.
1381 846 1482 891 cujus
1501 846 1661 879 meminit

490 903 646 936 Fordun.
665 903 725 936 lib.
746 911 788 935 11.
808 902 903 934 Hist.
924 901 1015 934 Scot.

346 960 510 993 Florebat
527 969 618 992 anno
639 966 827 992 cccmnx.
873 957 973 991 Hect.
994 956 1165 991 Boethius
1179 957 1238 990 lib.
1254 965 1306 990 VI.
1323 957 1458 992 Histor.
1474 958 1564 993 Scot.
1580 969 1659 1004 pag.

297 1025 358 1050 ev,

765 1125 1062 1160 GILBERTUS.
1116 1124 1197 1159 604.

299 1241 542 1279 GILBERTUS,
564 1243 793 1284 cognomento
819 1239 1094 1284 Chartophylax,
1117 1239 1346 1274 Cathanesiae
1371 1241 1563 1286 episcopus,
1590 1253 1665 1276 suc-

298 1307 412 1330 cessor
440 1296 582 1335 Adami,
610 1306 725 1340 quem,
755 1295 814 1328 lib.
845 1304 869 1328 1.
905 1295 970 1328 hoc
999 1306 1102 1339 opere
1131 1306 1248 1339 supra,
1279 1297 1385 1340 impie
1410 1297 1664 1343 crudeliterque

298 1357 458 1385 necatum
484 1363 504 1385 a
530 1352 663 1385 civibus
690 1352 838 1396 ingratis
864 1352 1102 1391 ostendimus3
1133 1352 1189 1386 vir
1214 1363 1342 1398 magna
1366 1354 1460 1397 apud
1485 1365 1602 1400 regem
1630 1361 1665 1389 et

299 1410 428 1441 clerum
459 1409 665 1441 universum
696 1408 914 1447 auctoritate,
949 1408 993 1441 ob
1023 1408 1218 1453 singulares
1249 1410 1357 1442 animi
1387 1410 1496 1450 dotes,
1526 1422 1663 1445 morum

300 1464 561 1503 continentiam,
585 1470 619 1498 et
636 1475 707 1498 non
724 1465 905 1509 vulgarem
923 1464 960 1497 in
978 1464 1081 1498 rebus
1099 1465 1205 1498 saeris
1224 1466 1466 1499 eruditionem.
1518 1466 1666 1512 Scripsit

445 1518 694 1553 Collectionem
714 1520 986 1565 Privilegiorum
1004 1520 1119 1566 Regni
1139 1520 1273 1555 Scotiae
1356 1522 1414 1556 lib.
1436 1531 1460 1555 1.
1478 1534 1567 1567 quae
1584 1524 1667 1559 Ale-

494 1577 629 1609 xandro
660 1576 708 1609 II.
746 1576 821 1620 regi
851 1582 1089 1611 concesserant
1118 1578 1267 1621 piissimi
1301 1578 1452 1612 Romani
1487 1581 1666 1623 pontifices

494 1631 710 1665 Coelestinus
729 1631 792 1665 IV.
811 1637 846 1665 et
864 1632 1088 1666 Innocentius
1106 1633 1170 1667 IV.
1197 1645 1286 1678 quae
1309 1634 1412 1668 hodie
1437 1637 1466 1669 si
1494 1641 1664 1677 extarent,

495 1699 565 1721 non
582 1699 693 1732 usque
710 1689 795 1722 adeo
812 1689 849 1722 in
873 1690 1105 1733 perquirenda
1127 1691 1260 1733 patriae
1284 1692 1494 1735 antiquitate
1520 1695 1667 1727 caecuti-

493 1755 621 1778 remus.

445 1800 606 1834 Canones
624 1801 782 1835 omnium
801 1801 937 1835 Scotiae
954 1801 1070 1847 Regni
1089 1802 1325 1836 Ecclesiarum
1422 1805 1482 1838 lib.
1503 1815 1527 1839 Ι.

350 1856 520 1890 Successit
539 1857 722 1891 interfecto
739 1857 850 1898 Adae,
876 1869 937 1891 seu
962 1857 1101 1892 Adamo
1118 1860 1280 1898 antistiti,
1304 1871 1395 1894 anno
1414 1869 1564 1895 MCCLV.
1618 1863 1665 1896 H.

305 1912 429 1947 Boeth.
453 1913 512 1946 lib.
533 1922 623 1946 XIII.
652 1913 748 1947 Hist.
767 1914 859 1948 Scot.
886 1925 965 1960 pag.
985 1923 1215 1949 CCLXXXIII.
1267 1915 1405 1950 Nomen
1431 1918 1462 1951 ei
1488 1918 1532 1952 ab
1557 1919 1668 1954 officio

305 1969 445 2002 videtur
466 1969 618 2002 inditum
645 1970 892 2014 Curapalates:
921 1971 981 2004 sed
1007 1970 1178 2017 Georgius
1202 1971 1357 2006 Cod‘inus
1381 1974 1440 2008 lib.
1468 1975 1510 2008 de
1536 1975 1667 2010 Officiis

302 2024 417 2058 Aulae
436 2024 844 2069 Constantinopolitanae
861 2027 1016 2060 adeatur.

610 2137 903 2172 GULIELMUS
929 2140 1225 2176 GREGORIUS.
1278 2142 1359 2177 605.

307 2247 552 2283 GULIELMUS
582 2249 785 2295 Gregorius,
816 2263 894 2285 cum
929 2253 1036 2287 bonas
1067 2260 1158 2288 artes
1188 2255 1351 2290 Lutetiae
1384 2258 1559 2291 didicisset
1590 2259 1668 2292 ado-

308 2305 448 2345 lescens,
476 2316 494 2339 e
519 2305 675 2352 Collegio
705 2307 934 2342 Montisacuti
968 2320 1046 2343 cum
1079 2312 1219 2357 collegis
1246 2313 1372 2358 viginti
1403 2324 1473 2347 uno
1506 2325 1568 2358 per
1597 2314 1669 2349 Lu·
