1861 2682
357 685 782 742 HISTORIA
828 686 1495 742 EOOLESIASTIGA

560 838 834 886 GENTIS
865 838 1255 887 SCOTORUM
1277 858 1285 885 :

884 1010 970 1035 ειη

507 1134 587 1172 DE
629 1133 1084 1173 SCRIPTORJBUS
1122 1133 1341 1173 SCOTIS

819 1477 973 1511 LIBER
1000 1477 1028 1510 Ι.

760 1598 785 1635 S
825 1596 987 1636 ABEL.
1049 1601 1079 1634 L

242 1708 282 1752 S.
307 1717 431 1756 ABEL,
454 1719 546 1751 inter
566 1717 752 1761 praecipua
769 1716 904 1750 Scotiae
922 1727 1018 1749 meae
1041 1722 1247 1750 ornamenta
1272 1718 1462 1759 habendus,
1491 1721 1600 1755 Benc-

240 1773 390 1806 ‹lictinus
409 1773 608 1811 monachus,
631 1771 666 1805 S.
691 1772 863 1805 Bonifacii
886 1772 1009 1811 socius,
1035 1776 1070 1805 et
1093 1773 1383 1817 peregrinationis
1408 1780 1442 1808 et
1466 1783 1600 1810 sancto-

239 1840 316 1862 rum
334 1840 396 1872 pro
414 1828 479 1861 fide
497 1829 590 1872 apud
608 1833 729 1873 gentes
747 1827 970 1861 Germanicas
988 1832 1022 1861 et
1040 1827 1190 1861 Gallicas
1213 1829 1420 1864 stabilienda
1443 1831 1599 1865 laborum

239 1885 420 1927 particeps,
450 1884 658 1917 Rhemensis
690 1883 978 1927 archiepiscopus,
1007 1884 1178 1917 incertum
1214 1890 1337 1928 sponte
1367 1897 1411 1919 an
1442 1897 1601 1931 praecep-

239 1944 275 1971 to
309 1939 490 1982 pontificis,
526 1951 571 1973 an
605 1950 687 1972 vero
721 1940 912 1982 impotente
944 1941 1111 1985 principis
1148 1942 1297 1987 alicujus
1335 1943 1466 1987 injuria
1504 1956 1600 1978 exac-

239 2000 306 2031 tus,
337 1995 450 2027 sedem
480 1996 630 2038 reliquit,
662 2000 702 2028 ut
732 1996 863 2040 majore
892 2007 974 2030 cura
1004 1998 1244 2031 convertendis
1275 1998 1472 2033 infidelibus
1501 2011 1600 2034 vaca-

239 2057 300 2088 ret,
346 2054 380 2082 et
416 2050 496 2093 jure
538 2050 652 2096 Belgii
696 2052 958 2096 vicinorumque
1000 2057 1175 2086 tractuum
1222 2055 1398 2097 apostolus
1441 2055 1598 2091 habetur.

240 2105 391 2138 Natione
421 2105 562 2139 Scotum
592 2115 628 2139 v,
661 2116 721 2140 CL.
753 2107 924 2153 Georgius
956 2108 1199 2148 Colvenereus,
1228 2110 1408 2156 theologus
1443 2111 1600 2146 Duacen-

239 2163 285 2194 sis
316 2162 546 2200 doctissimus,
586 2163 630 2195 ad
664 2162 849 2196 Flodoardi
888 2164 1083 2198 Historiam
1120 2166 1269 2209 scripsit,
1308 2171 1342 2199 et
1378 2169 1599 2201 consentiunt

240 2223 395 2250 auctores
422 2217 491 2250 alii.
545 2217 675 2251 Melan.
703 2218 856 2252 Natalib.
882 2219 943 2253 SS.
969 2220 1095 2265 Belgii,
1119 2221 1179 2264 qui
1203 2232 1274 2255 non
1301 2223 1344 2255 ad
1371 2234 1533 2261 manum3
1567 2231 1599 2257 et

239 2285 279 2305 ex
316 2285 354 2305 eo
391 2272 642 2307 Constantinus
676 2273 826 2308 Ghinius
863 2274 980 2309 Natal.
1011 2275 1072 2309 SS.
1108 2276 1362 2312 Canonicorum
1395 2289 1473 2322 pag.
1512 2287 1599 2312 1.111.

907 2339 928 2362 B
