1861 2682
229 258 287 286 110
597 258 822 291 HISTORIA
846 258 1207 290 ECCLESIASTICA

422 350 611 388 bulentum,
638 360 706 392 quo
731 349 788 380 ille
819 348 1071 381 sanctissimam
1099 348 1264 381 feminam
1293 350 1404 382 caedis
1435 357 1581 389 accusat,

422 405 481 438 lib.
502 414 526 437 1.
578 404 674 437 Idem
693 403 887 436 Camdenus
905 403 948 436 ad
966 413 1096 435 annum
1115 411 1306 437 MDvan.
1326 405 1435 447 princ.

372 460 424 493 De
443 460 560 493 Rebus
577 460 684 504 gestis
703 458 940 502 Hispanorum
959 458 1002 490 ad
1019 457 1127 490 Dium
1145 457 1181 489 in
1199 457 1311 497 India,
1333 459 1419 492 liber
1436 461 1582 493 tei-sissi-

421 527 509 555 mus,
544 516 656 548 editus
692 515 869 558 supposito
904 514 1042 547 nomine
1076 511 1099 544 J
1101 512 1196 545 acobi
1227 513 1329 547 Tevii
1358 516 1509 557 primum
1546 517 1582 549 iu

422 571 604 614 Hispania,
624 576 700 604 tum
717 570 860 608 Romae,
878 570 937 602 lib.
957 578 980 601 1.

374 627 484 660 lambi
502 627 688 659 Simonidis
706 637 749 659 ex
766 625 912 658 Stobaeo
929 625 986 657 lib.
1007 633 1031 656 1.
1083 624 1218 658 Prodiit
1235 636 1275 659 ea
1298 627 1409 659 versio
1434 632 1516 660 tom.
1539 636 1579 659 11.

420 683 605 715 Poetarum
625 681 845 714 Graecorum.

278 740 328 772 Ut
344 738 493 772 hominis
510 738 619 782 igitur
635 737 847 780 impietatem
865 736 1001 775 damno,
1018 736 1067 768 ita
1085 735 1243 769 laudibus
1258 737 1293 769 in
1307 737 1499 771 eruditione
1513 750 1581 772 non

230 795 429 840 vulgaribus
447 793 566 826 lubens
584 792 693 825 faveo.
746 791 925 824 Praeclara
942 792 1059 835 itaque
1077 792 1118 824 de
1135 802 1175 824 eo
1192 792 1388 825 testimonia
1402 794 1580 827 doctorum

228 856 357 883 extant.
408 849 554 882 Adrian.
574 847 727 881 Tul-neb.
746 848 804 880 lib.
825 856 849 880 Ι.
867 847 1056 881 Adversar.
1075 858 1148 890 cap.
1166 855 1206 879 11.
1228 852 1248 866 ‘⁶
1262 847 1445 882 Neminem
1459 860 1531 882 esse
1546 850 1582 882 in

230 906 341 938 Gallia
359 905 518 938 existimo
535 905 638 947 paulo
656 904 906 942 humaniorem,
926 904 981 936 cui
999 903 1170 948 Georgius
1188 903 1422 937 Buchananus
1444 915 1514 938 non
1537 905 1582 938 sit

230 966 343 999 notus,
361 972 429 994 non
448 961 559 994 solum
577 960 724 993 eximius
743 963 853 1002 poeta,
874 970 994 992 verum
1012 960 1117 992 etiam
1135 959 1190 991 vir
1207 959 1300 991 omni
1320 959 1452 992 liberali
1471 961 1584 993 erudi-

230 1018 321 1049 tione
333 1028 402 1050 non
415 1017 537 1049 leviter
550 1016 691 1054 tinctuS,
704 1016 763 1048 sed
777 1015 915 1058 penitus
928 1015 1114 1048 imbutus.”
1139 1014 1162 1046 J
1165 1025 1241 1047 oan.
1257 1014 1389 1057 Rayus,
1406 1019 1426 1033 “
1438 1015 1584 1048 inacces-

230 1084 302 1105 sam
321 1072 525 1106 Buchanani
543 1071 780 1104 divinitatem'’
799 1070 853 1113 (ut
872 1071 943 1113 ipse
962 1071 1021 1109 ait,
1039 1071 1081 1102 de
1095 1081 1206 1113 opere,
1220 1080 1290 1103 non
1303 1070 1344 1102 de
1358 1070 1496 1103 homine
1509 1081 1575 1103 sen—

231 1130 332 1170 tiens)
351 1129 552 1166 admiratus,
573 1127 730 1160 imitatus
747 1125 770 1158 J
772 1126 833 1159 ulii
853 1125 1018 1170 Scaligeri
1036 1126 1077 1158 de
1095 1125 1245 1169 Virgilio
1265 1136 1394 1164 versus,
1409 1126 1457 1158 sic
1471 1127 1561 1159 canit
1576 1137 1583 1158 :

524 1219 653 1248 Mirande
665 1224 753 1252 vates,
769 1219 830 1247 fons
844 1219 918 1247 beati
933 1220 1070 1252 carminis,

602 1266 704 1294 Latina
718 1266 809 1297 Siren,
823 1265 928 1302 patriae

523 1311 636 1339 Illustre
649 1311 743 1343 decus,
757 1315 786 1338 et
800 1310 855 1338 mel
869 1309 969 1347 leporis
984 1310 1084 1341 Attici,

599 1356 767 1384 Doctissime
780 1365 864 1392 nepos
880 1355 1000 1387 Romuli,

523 1402 642 1430 Latinae
656 1401 795 1433 Athenae,
811 1400 910 1428 Flacce
924 1400 1038 1438 duplex,
1053 1405 1082 1428 et
1095 1400 1197 1438 triplex

598 1448 729 1480 Homere,
744 1456 822 1475 mens
835 1456 955 1484 poeseos,

524 1494 550 1520 O
566 1494 669 1530 absque
683 1493 752 1520 vitio
764 1498 928 1524 monstrum,
944 1498 972 1520 et
986 1492 1088 1528 absque
1103 1491 1234 1520 fluctibus

598 1539 717 1567 Pontum
732 1538 910 1576 profundum,
925 1537 1046 1565 nubibus

523 1585 638 1613 Coelum
652 1585 755 1621 absque
769 1594 888 1622 purum;
909 1583 936 1611 O
950 1583 1067 1620 posteris
1081 1582 1243 1611 miraculum
1256 1584 1262 1610 ἔ
1277 1584 1327 1610 &c

280 1684 424 1716 Joannis
452 1682 597 1720 Posthii‚
626 1680 789 1714 archiatri
816 1680 978 1718 Palatini,
1005 1678 1171 1711 Latinum
1202 1679 1425 1723 epigramma,
1453 1684 1486 1711 et
1516 1680 1584 1711 duo

233 1741 361 1772 Graeca
398 1738 542 1771 Joannis
582 1736 786 1779 Lundorpii,
828 1735 969 1768 editioni
1012 1735 1154 1768 ultimae
1196 1745 1338 1777 operum
1380 1734 1582 1767 But-hanani

232 1796 392 1838 praefixa,
428 1795 622 1831 videantur,
657 1798 727 1825 tam
763 1791 869 1824 felicis
907 1796 941 1823 et
978 1796 1049 1824 tam
1087 1791 1244 1823 sublimis
1282 1791 1410 1834 ingenii
1450 1796 1581 1833 poetae.

233 1852 312 1884 Non
349 1850 459 1883 defuit
494 1854 609 1882 tamen
644 1848 703 1891 qui
735 1847 893 1891 ignaviae
923 1852 1060 1890 patrum
1091 1847 1256 1879 memoria
1285 1851 1446 1890 argueret
1480 1846 1583 1878 homo

234 1908 342 1939 Italus
361 1907 470 1944 dicax,
489 1910 522 1938 et
541 1904 700 1948 ignaviae
723 1913 887 1939 summae,
913 1913 932 1934 a
954 1901 1088 1934 Joanne
1110 1901 1289 1934 Matthaeo
1313 1901 1470 1934 Toscano
1494 1902 1585 1933 inter

231 1964 395 1995 Carmina
432 1961 621 1994 illustrium
661 1959 846 1992 Poetarum
886 1957 1052 1990 Italorum
1091 1962 1173 1990 tom.
1207 1966 1229 1989 1.
1263 1957 1467 2000 publicatus,
1505 1968 1582 2000 pag.

234 2026 401 2050 LXXXVI.

280 2073 439 2117 Sugillat,
470 2073 551 2104 dum
581 2071 720 2103 laudare
751 2070 825 2102 vult
856 2069 975 2107 videri,
1005 2067 1197 2101 Gulielmus
1226 2069 1420 2101 Camdenus
1448 2069 1581 2102 Histor.

231 2129 368 2173 Anglic.
400 2128 441 2160 ad
473 2137 602 2160 annum
630 2134 820 2158 MDLXVH.
847 2124 882 2156 in
908 2125 1096 2167 principio:
1129 2129 1148 2142 ⁵⁶
1166 2124 1399 2157 Buchananus
1430 2125 1581 2167 partium

231 2186 357 2222 studio,
376 2188 408 2217 et
428 2182 578 2216 Moravii
597 2181 831 2214 munificentia
849 2180 1021 2223 abreptus,
1046 2181 1094 2213 ita
1118 2180 1255 2223 scripsit
1280 2185 1318 2213 ut
1337 2180 1415 2213 libri
1439 2180 1497 2212 isti
1522 2180 1581 2212 fal-

232 2242 343 2273 sitatis
362 2239 515 2272 damnati
533 2238 603 2271 sint
621 2237 664 2270 ab
681 2236 858 2270 ordinibus
877 2236 973 2280 regni
993 2235 1136 2275 Scotiae,
1162 2247 1308 2279 quorum
1327 2236 1404 2268 fidei
1422 2237 1499 2278 plus
1522 2238 1582 2269 tri-

233 2297 417 2333 buendum,
436 2300 468 2327 et
487 2295 559 2337 ipse
577 2304 690 2326 coram
709 2303 798 2337 rege,
819 2293 873 2325 eui
891 2291 957 2325 fuit
976 2292 1205 2337 paedagogus,
1224 2292 1448 2336 ingemiscens
1467 2292 1582 2324 subin-
