1861 2682
606 253 776 285 GENTIS
801 253 1073 290 SCOTORUM,
1099 252 1186 284 LIB.
1213 253 1269 284 IV.
1558 255 1615 284 201

257 345 377 378 Scotos
396 357 435 378 eo
454 356 595 378 munere
614 345 784 379 functum.
836 345 927 390 Ejus
947 351 1049 379 sunt:

398 402 578 445 Epistolae
598 410 639 434 11.
659 402 702 435 ad
721 401 941 435 Machorium
1410 402 1468 434 lib.
1489 410 1513 435 1.

398 458 452 491 De
469 458 705 500 componendo
724 457 837 502 Regni
856 457 968 497 Statu,
987 459 1030 491 ad
1049 458 1224 490 Achaium
1243 457 1386 502 Regem,
1412 459 1470 491 lib.
1491 468 1515 491 1.
1562 457 1617 491 Ea

445 514 537 546 enim
556 518 668 546 aetate
686 514 828 547 lethales
846 515 937 547 inter
959 515 1143 557 optimates
1167 513 1375 547 fovebantur
1399 514 1613 552 inimicitiae,

305 585 324 606 ⁴.
446 570 505 602 vix
523 579 678 612 unquam
697 571 834 603 sedatae
852 571 937 604 citra
951 571 1151 603 alterutrius
1166 570 1318 602 familiae
1332 570 1613 602 internecionem.

300 625 398 658 Vixit
413 625 478 658 sub
493 624 674 658 Soluathio
689 631 722 658 et
736 626 880 665 Achaio,
901 626 1034 659 Scotiae
1048 627 1198 671 regibus,
1213 637 1304 659 anno
1320 634 1612 658 DCCCLxxxvn.

252 681 388 714 Colitur
406 681 461 714 die
480 690 570 713 xlli.
590 680 810 715 Novembris.
859 682 987 715 Adami
1007 682 1110 726 Regii
1129 682 1309 715 Calendar.
1334 688 1368 715 et
1386 681 1613 714 Collectiones

255 737 378 770 Bruni.
430 737 615 780 Templum
635 738 664 769 ei
682 738 719 770 in
737 749 827 783 pago
845 738 997 772 Banchri
1016 739 1059 771 ad
1077 737 1181 771 Diam
1200 749 1306 782 supra
1323 737 1570 771 Aberdoniam.

732 850 766 882 S.
794 849 845 883 DI
851 849 996 883 MAUS.
1049 849 1129 883 365.

250 962 283 995 S.
304 962 476 1001 D1MAUS,
495 962 530 995 S.
549 962 681 1006 Sigenii
700 962 901 1005 discipulus,
919 973 1010 995 unus
1029 973 1071 994 ex
1088 963 1158 995 illis
1185 963 1354 1006 episcopis
1373 963 1483 995 Scotis
1510 963 1613 996 habe-

250 1025 317 1056 tur,
346 1019 406 1061 qui
436 1030 498 1062 per
523 1023 637 1051 totum
663 1029 808 1062 regumn
836 1018 923 1051 nulli
950 1022 1061 1051 certae
1089 1019 1249 1051 ecclesiae
1280 1019 1413 1063 alligati
1443 1020 1610 1062 populum

249 1075 503 1117 praedicatione
521 1074 760 1112 erudiverunt,
786 1078 819 1107 et
846 1085 983 1107 morum
1009 1074 1193 1107 sanctitate
1217 1075 1259 1107 ad
1288 1075 1455 1110 virtutem
1482 1080 1612 1107 attrax-

248 1135 360 1162 erunt.
410 1130 476 1162 Vir
498 1130 654 1162 moribus
673 1130 1004 1169 continentissimus,
1030 1135 1064 1162 et
1090 1131 1297 1173 apostolicae
1321 1131 1609 1164 mansuetudinis.

251 1185 296 1218 H.
316 1185 441 1218 Boeth.
461 1185 519 1218 lib.
542 1193 597 1217 Ix.
616 1196 695 1228 pag.
716 1194 883 1218 CLXXVI.
935 1185 1025 1230 Ejus
1045 1191 1148 1219 sunt:

391 1240 571 1284 Epistolae
589 1241 632 1273 ad
651 1240 829 1273 Hilarium
847 1241 882 1273 S.
902 1241 1080 1274 Romanae
1094 1241 1192 1275 Sedis
1211 1242 1392 1276 Vicarium
1410 1243 1469 1275 lib.
1490 1253 1514 1275 1.

391 1296 571 1340 Epistolae
590 1297 632 1329 ad
650 1296 672 1328 J
675 1307 821 1329 oannem
841 1297 1084 1330 Primicerium
1410 1299 1468 1332 lib.
1490 1308 1513 1331 1.

391 1352 572 1396 Epistolae
591 1353 634 1385 ad
652 1352 675 1384 J
678 1363 823 1385 oannem
842 1353 876 1386 S.
897 1353 993 1386 Sedis
1013 1353 1258 1387 Consiliarium
1399 1356 1469 1388 lib.
1490 1365 1513 1388 Ι.

295 1410 432 1443 Floruit
449 1420 540 1441 anno
558 1417 725 1441 DCLXIV.
755 1408 856 1442 Joan.
877 1409 1040 1442 Leslaeus
1059 1409 1117 1442 lib.
1141 1418 1193 1442 IV.
1213 1421 1291 1455 pag.
1311 1419 1419 1444 CLIX.
1455 1411 1514 1445 SS.
1534 1413 1611 1445 albo

247 1467 427 1509 ascriptus.
475 1464 594 1497 Uvion
623 1465 682 1498 lib.
715 1474 773 1498 111.
804 1476 883 1510 pag.
915 1474 1098 1498 ececxw.
1154 1465 1291 1500 Colitur
1322 1477 1404 1500 xvl.
1439 1467 1609 1501 Novemb.

246 1522 468 1555 Breviarium
496 1519 679 1553 Scoticum.
736 1521 919 1564 Reliquiae
948 1522 991 1554 ad
1014 1523 1127 1554 lacum
1151 1521 1290 1556 Levinii
1317 1525 1506 1557 translatae
1539 1533 1608 1557 nx.

245 1577 411 1622 Augusti.

706 1689 740 1722 S.
768 1689 1013 1724 DONATUS.
1066 1691 1146 1725 366.

246 1809 265 1821 ‘⁶
291 1803 325 1835 S.
355 1803 561 1842 DONATUS,
593 1802 785 1835 Fesulanae
817 1803 975 1836 ecclesiae
1005 1804 1218 1847 episcopus,''
1253 1805 1302 1837 ait
1333 1804 1542 1838 Anastasius
1572 1808 1606 1838 in

245 1859 366 1904 Sergio
394 1859 441 1891 II.
476 1870 556 1904 pag.
591 1867 718 1892 CCCLI.
753 1859 814 1891 diu
848 1860 1088 1904 peregrinatus
1119 1861 1283 1903 pietatem
1314 1866 1348 1894 et
1379 1862 1484 1895 bonas
1515 1870 1606 1896 artes

245 1916 397 1948 discendi
415 1916 541 1954 studio,
560 1915 698 1948 tandein
719 1914 924 1947 Hetruriam
946 1916 1011 1948 sibi
1036 1917 1150 1949 sedem
1176 1918 1290 1961 elegit,
1318 1918 1512 1951 eremiticae
1530 1929 1608 1961 pro-

244 1971 413 2009 fessionis,
432 1982 536 2014 quam
560 1971 626 2004 sibi
650 1975 886 2014 proposuerat,
905 1971 1118 2005 domicilium
1137 1972 1308 2012 futurum,
1333 1974 1392 2006 sed
1416 1974 1476 2007 diu
1500 1975 1606 2008 latere

243 2038 313 2060 non
331 2027 446 2070 potuit
461 2037 470 2066 ς
497 2031 672 2060 extractus
690 2027 781 2059 enim
801 2038 821 2059 a
838 2029 1027 2061 monastica
1045 2030 1171 2072 quiete,
1189 2030 1327 2072 publico
1345 2030 1536 2063 Fesulanae
1555 2042 1606 2064 ec-

244 2083 365 2115 clesiae
383 2083 545 2127 regimini
562 2083 734 2115 admotus.
796 2082 888 2115 Nam
906 2093 984 2117 cum
1002 2084 1145 2118 Andrea
1162 2086 1286 2118 comite
1305 2085 1418 2119 Roma
1436 2087 1604 2123 rediisset,

244 2138 472 2182 deprehendit
505 2139 634 2171 clerum
675 2138 887 2171 Fesulanum
931 2140 1066 2185 ingenti
1107 2142 1224 2174 dolore
1266 2146 1525 2176 consternatum
1563 2144 1606 2176 ob

241 2200 388 2229 mortem
424 2196 603 2239 praesulis,
638 2196 699 2239 qui
733 2196 844 2239 pridie
878 2203 1080 2235 excesserat,
1124 2198 1367 2241 solicitumque
1408 2199 1603 2231 reddiderat

240 2253 282 2285 de
300 2262 492 2285 successore
509 2252 733 2297 designando.
786 2251 852 2284 Sed
870 2257 910 2285 ut
927 2252 1086 2286 Donatus
1110 2255 1280 2296 templum
1302 2255 1490 2299 ingressuS,
1514 2265 1604 2287 cam-

243 2318 352 2350 panae
380 2318 498 2341 omnes
528 2312 651 2351 sponte
677 2314 879 2347 sonuerunt,
906 2309 1093 2352 lampades,
1121 2311 1217 2343 nullo
1242 2311 1359 2355 ignem
1389 2311 1603 2349 admovente,
