1861 2682
618 230 788 262 GENTIS
813 228 1081 265 SCOTORUM,
1106 227 1192 258 LIB.
1218 227 1274 258 IV.
1557 228 1615 257 ‘221

707 376 1046 409 DORNADILLA.
1097 377 1178 408 403.

270 480 557 528 ΒόηΝΑΒΙιιΑ,
576 489 748 521 Marinius
767 500 786 521 a
803 488 1009 531 quibusdam
1027 499 1206 530 perperam
1231 488 1342 520 dictus
1366 498 1428 530 pro
1453 486 1618 519 Mainius.

268 546 360 588 quod
375 546 519 578 barbare
539 544 650 577 Maini
669 543 777 576 filium
796 548 905 581 sonat,
930 548 1074 586 quartus
1098 544 1282 576 infantiam
1300 542 1425 575 Scotici
1444 542 1552 585 regni,
1577 542 1619 573 ab

267 611 333 633 avo
359 600 528 644 Fergusio
555 600 718 637 inchoati,
749 599 885 632 fortiter
911 600 1176 632 administravit.
1227 599 1342 631 Pictos
1370 602 1404 630 et
1430 598 1619 630 Britannos

269 657 522 688 tumultuantes
540 656 760 698 compescuit.
811 655 947 698 Scripta
969 656 1044 700 ejus
1070 656 1311 688 commendant
1336 653 1494 686 Andreas
1522 653 1621 685 Tira-

267 712 401 754 quellus
420 711 457 743 in
474 711 626 755 Legibus
645 711 918 743 Connubialibus
936 716 970 744 et
989 723 1090 754 opere
1107 712 1148 744 de
1162 710 1364 748 Nobilitate,
1383 709 1620 742 Chassanaeus

268 767 435 811 Catalogo
453 766 590 799 Gloriae
610 766 746 804 Mundi,
771 771 805 799 et
823 767 892 799 alii.
943 766 1080 800 Extant
1103 767 1293 801 etiamnum
1316 765 1418 798 hodie
1435 765 1527 807 apud
1545 776 1621 796 nos-

268 827 388 861 trates,
406 827 447 854 ut
464 822 619 854 referunt
637 823 814 854 annalium
833 823 1027 864 scriptores,
1045 828 1079 855 et
1097 824 1132 854 in
1151 822 1262 865 pretio
1280 821 1461 859 habentur,

412 877 523 922 Leges
540 877 748 910 Venatoriae
1184 877 1242 910 lib.
1264 886 1287 909 1.

316 933 415 966 Obiit
438 944 528 965 anno
550 933 648 976 regni
671 934 725 964 sui
749 942 897 965 XXVIII.
923 938 1002 966 ante
1025 933 1204 966 Christum
1228 938 1349 966 natum
1368 933 1467 964 annis
1486 940 1620 965 CCXIX.

270 988 362 1021 Hinc
379 993 476 1032 patet
493 989 629 1021 nullum
647 999 792 1032 regnum
811 988 926 1022 Scotia
943 990 1126 1022 vetustius.

740 1099 781 1132 Β.
810 1098 1024 1133 DUDOCO.
1075 1102 1156 1133 404.

271 1209 311 1242 Β.
339 1210 518 1249 DUDOCO,
546 1210 619 1242 sive
642 1210 789 1247 Bodeca,
813 1210 905 1252 (vide
928 1214 1047 1255 supra)
1073 1212 1141 1244 fuit
1164 1220 1247 1244 XIV.
1274 1212 1453 1254 episcopus
1475 1211 1624 1243 Lichfel-

269 1265 396 1297 diensis
415 1271 448 1297 et
462 1264 720 1297 Coventriensis
739 1266 775 1297 in
794 1265 924 1309 Anglia
943 1277 1033 1298 anno
1048 1274 1199 1297 MXXXI.
1243 1265 1314 1297 Adi
1332 1265 1390 1297 lib.
1412 1265 1473 1309 [II.
1493 1276 1524 1307 p.
1546 1264 1622 1307 872]

271 1321 382 1353 Extat
399 1322 536 1365 elegans
555 1326 724 1353 tractatus
743 1321 863 1363 ipsius,
883 1322 975 1364 typis
993 1321 1299 1364 Lugdunensibus,

412 1376 465 1409 De
485 1376 729 1410 Translatione
748 1376 989 1420 Reliquiarum
1185 1376 1244 1408 lib.
1265 1385 1289 1408 1.

615 1486 833 1520 GAVINUS
859 1487 1147 1521 DUGLASIUS.
1200 1489 1280 1520 405.

270 1599 453 1632 GAVINUS
478 1599 681 1643 DuglasiuS‚
709 1600 923 1632 nobilissima.
948 1604 983 1632 et
1007 1600 1099 1642 apud
1126 1599 1244 1632 Scotos
1270 1600 1436 1642 primaria
1462 1600 1625 1631 comitum

270 1655 450 1699 Angusiae
467 1654 601 1687 familia
618 1659 727 1693 ortus,
753 1655 932 1698 episcopus
955 1654 1223 1693 Dunkeldensis,
1250 1660 1284 1688 et
1310 1660 1439 1697 postea,
1466 1660 1505 1688 ut
1531 1660 1626 1697 puto,

269 1711 545 1753 archiepiscopus
572 1709 802 1747 Glascuensis‚
827 1711 914 1742 “vir
936 1711 979 1743 ad
1002 1721 1130 1754 magna
1152 1716 1265 1749 natus,
1290 1721 1425 1743 summa
1449 1711 1627 1743 nobilitate

269 1771 302 1798 et
321 1766 480 1804 virtute‚'’
498 1767 548 1799 ait
567 1765 759 1809 Polydorus
778 1764 948 1809 Virgilius
966 1766 1024 1798 lib.
1046 1775 1104 1798 111.
1131 1766 1265 1799 Histor.
1290 1767 1429 1810 Anglic.
1458 1778 1536 1810 pag.
1557 1775 1625 1798 Lu.

271 1820 361 1865 Ejus
379 1822 608 1855 eruditionem
628 1821 774 1859 extollit,
801 1822 880 1854 licet
903 1822 1107 1860 haereticus,
1134 1822 1368 1855 Buchananus
1395 1823 1452 1855 lib.
1475 1831 1515 1854 11.
1544 1822 1627 1864 Epi-

270 1883 454 1920 grammat.

563 1987 702 2014 Praesulis
716 1987 832 2014 accubui
847 1992 992 2024 postquam
1007 1987 1122 2014 conviva
1137 1987 1250 2019 Gavini,

601 2032 654 2059 Dis
668 2042 723 2059 non
738 2032 849 2060 invideo
863 2038 958 2060 nectar
972 2038 1000 2060 et
1015 2032 1187 2060 ambrosiam.

565 2077 718 2114 Splendida
732 2088 824 2110 coena,
839 2078 938 2115 epulae
953 2079 1055 2111 lautae,
1070 2079 1221 2106 ambitione
1236 2086 1350 2111 remota,

603 2123 715 2150 Tetrica
730 2124 861 2160 Cecropio
875 2125 945 2151 seria
959 2125 1047 2152 tincta
1061 2125 1117 2152 sale
1130 2135 1135 2151 ε

564 2169 667 2195 Coetus
681 2174 741 2196 erat
757 2169 848 2196 Musis
862 2179 977 2197 numero
991 2180 1049 2206 par,
1065 2180 1115 2198 nec
1129 2171 1182 2198 sibi
1197 2171 1289 2208 dispar

600 2213 744 2246 Doctrina,
761 2215 881 2250 ingenio,
895 2215 1084 2252 simplicitate,
1099 2216 1162 2243 fide.

565 2259 630 2296 Ipse
645 2259 712 2287 alios
727 2269 810 2297 supra
824 2260 944 2288 facundo
957 2262 1094 2297 prominet
1108 2271 1162 2294 ore,
