1861 2682
307 225 373 255 2562
681 224 905 256 HISTORIA
929 222 1292 254 ECCLESIASTICA

311 317 464 361 ejusdem
483 316 633 359 corporis
651 315 877 348 sanctissimis
895 313 1049 356 reliquiis
1067 312 1102 344 S.
1123 312 1279 356 Regulus
1296 312 1333 344 in
1351 311 1502 345 Scotiam
1525 313 1660 345 detulit.

312 372 400 405 Vide
419 372 499 405 alibi
518 372 581 403 hoc
599 382 710 413 opere.
761 369 906 412 Scripsit

457 427 737 459 Translationem
756 426 790 458 S.
809 424 970 457 Andreae
1272 422 1332 455 lib.
1353 431 1378 455 I.

458 483 500 515 In
520 493 631 514 sacras
650 481 845 524 Scripturas
863 479 993 521 aliquid
1268 478 1327 511 lib.
1349 487 1372 511 Ι.
1400 477 1466 511 Sed
1486 486 1524 511 N.
1545 487 1580 511 L.

363 539 526 572 Florebat
557 549 647 570 anno
673 544 862 569 CCCLXIX.
894 534 1057 567 Meminit
1084 533 1130 566 H.
1162 533 1331 567 Boethius
1362 534 1420 567 lib.
1447 543 1499 567 VI.
1529 534 1662 567 Histor.

313 596 403 628 Scor.
422 605 500 638 pag.
521 602 581 626 CV.
601 598 635 625 et
652 593 720 625 alii.

744 703 779 735 S.
806 700 1095 734 EDMUNDUS.
1148 702 1229 737 472.

313 819 346 851 S.
377 818 622 855 EDMUNDUS,
654 814 830 848 Malcolmi
862 812 929 846 III.
959 813 1051 857 regis
1077 812 1167 846 filius
1193 824 1235 846 ex
1266 812 1300 845 S.
1328 812 1538 856 Margareta,
1568 817 1665 855 patre

311 874 445 907 insidiis
464 873 573 917 Angli
592 873 628 904 111
648 871 905 915 expugnatione
923 868 1050 902 Anvici
1068 874 1257 912 perempto,
1275 872 1386 901 matre
1404 868 1507 900 etiam
1523 868 1558 900 vi
1572 869 1665 901 dolo-

312 931 358 962 ris
377 929 557 966 exstincta,
583 932 602 946 ‘⁶
621 927 789 959 mundum
814 926 905 958 hunc
923 925 1063 957 omnino
1082 925 1239 958 deserens
1264 935 1381 958 rerum
1407 934 1442 956 se
1468 924 1664 956 divinarum

311 984 592 1027 contemplationi
611 984 647 1015 in
665 982 850 1015 solitudine
868 981 1021 1013 coenobii
1039 981 1177 1023 penitus
1196 981 1360 1018 addixit‚’'
1386 980 1435 1012 ait
1457 979 1480 1011 J
1482 990 1558 1012 oan.
1583 980 1664 1012 Les-

310 1043 404 1074 laeus
430 1040 488 1072 lib.
518 1048 552 1072 V.
579 1050 658 1083 pag.
687 1046 820 1070 CCXIV.
854 1042 887 1070 et
918 1037 1043 1079 repetit
1068 1035 1246 1069 Arnoldus
1273 1036 1390 1068 Uvion
1419 1035 1477 1068 lib.
1507 1044 1564 1068 111.
1591 1047 1663 1078 cap.

312 1106 425 1129 XXVI.
457 1096 588 1128 Fuerat
605 1095 660 1127 hic
678 1094 772 1137 prior
787 1093 820 1125 S.
836 1092 992 1130 Osualdi,
1006 1091 1198 1135 praefectus
1213 1092 1423 1130 Kirkhanni,
1438 1097 1471 1124 et
1485 1092 1663 1134 episcopus

312 1154 346 1186 S.
374 1152 535 1184 Andreae
562 1152 711 1188 electus3
740 1160 828 1192 quae
854 1148 969 1181 omnia
996 1158 1077 1190 prae
1108 1148 1343 1180 sanctissimae
1369 1148 1460 1180 vitae
1486 1147 1663 1190 proposito

311 1219 472 1253 generose
487 1207 703 1249 contempsit.
744 1205 899 1249 Injurius
914 1208 965 1236 est
980 1203 1310 1242 Malmesburiensis,
1326 1203 1396 1246 qui,
1412 1203 1495 1235 dum
1509 1207 1662 1235 sanctam

311 1276 386 1297 eam
404 1264 553 1296 sobolem
571 1262 751 1306 sigillatim
769 1264 931 1297 recenset,
949 1258 1041 1291 hunc
1058 1259 1187 1291 omittit
1206 1259 1264 1291 lib.
1281 1267 1322 1291 11.
1341 1259 1382 1292 de
1397 1258 1511 1291 Gestis
1527 1257 1663 1302 Regum

310 1321 505 1364 Anglorum
525 1329 603 1362 pag.
624 1326 692 1349 LII.

358 1375 458 1408 Vixit
476 1385 565 1407 anno
585 1381 763 1405 MLXXXI.

742 1482 777 1514 S.
804 1479 1104 1514 EUCHARIUS.
1156 1482 1236 1516 473.

313 1599 346 1631 S.
373 1598 623 1634 ΕΟΟΗΛΒΙΗΞ,
656 1594 747 1638 regis
771 1593 903 1625 Scotiae
929 1591 1142 1625 Crathlinthi
1168 1592 1259 1624 filius
1284 1596 1355 1630 aut,
1381 1597 1421 1625 ut
1447 1593 1505 1625 alii
1531 1594 1664 1632 volunt,

312 1666 427 1697 nepos,
445 1654 503 1686 sed
521 1653 556 1684 id
574 1652 698 1684 falsum
722 1661 764 1682 ex
787 1648 982 1690 Cratepolio
1009 1659 1086 1692 pag.
1112 1656 1163 1680 LI.
1190 1647 1225 1680 S.
1252 1647 1347 1679 Elifii
1373 1647 1490 1687 frater,
1514 1649 1551 1681 in
1573 1649 1663 1693 ejlls-

311 1712 387 1743 dem
406 1710 572 1742 comitatu
591 1712 702 1740 aetate
720 1706 845 1739 tenella
862 1704 975 1747 patria
999 1715 1167 1747 egressus,
1193 1704 1228 1735 in
1253 1702 1473 1736 Germaniam
1499 1705 1605 1742 venit,
1629 1709 1662 1737 et

312 1766 405 1798 Tulli
426 1776 502 1797 011111
521 1764 628 1796 fratre
646 1763 763 1795 eodem
787 1765 820 1793 et
838 1768 989 1792 XXXIII.
1016 1759 1199 1792 comitibus
1223 1760 1259 1791 in
1284 1769 1452 1791 carcerem
1475 1760 1661 1803 conjectus,

311 1823 427 1854 divina
446 1825 561 1852 autem
579 1818 791 1862 benignitate
808 1816 983 1853 liberatus,
1002 1817 1129 1848 multos
1147 1816 1190 1847 ad
1207 1814 1321 1847 Deum
1339 1816 1519 1854 convertit,
1537 1821 1571 1849 et
1581 1816 1662 1860 jure

311 1877 557 1919 Lotharingiae
576 1881 609 1907 et
627 1873 831 1906 Germaniae
845 1870 1034 1913 Apostolus
1048 1871 1114 1903 dici
1128 1871 1258 1913 possit3
1283 1881 1364 1902 nam
1378 1870 1437 1909 ibi,
1450 1870 1473 1902 J
1475 1872 1592 1904 uliano
1605 1882 1663 1914 pa-

311 1934 430 1966 rabata
443 1932 598 1975 jubente,
616 1940 694 1962 cum
712 1929 829 1965 fratre,
849 1932 882 1959 et
900 1931 973 1959 toto
987 1937 1127 1958 suorum
1142 1926 1311 1964 sodalitio,
1326 1937 1388 1968 pro
1403 1925 1542 1959 Christo
1556 1928 1663 1960 cervi-

310 2000 362 2021 ces
375 1988 468 2020 dedit
479 1998 487 2025 ;
500 1996 622 2028 corpus
635 1995 716 2017 vero
728 1985 801 2028 ejus
809 1982 987 2015 Coloniam
1000 1982 1218 2020 translatum,
1230 1983 1265 2014 in
1278 1982 1417 2016 ecclesia
1424 1981 1508 2015 Divi
1517 1982 1662 2015 Martini

313 2044 458 2087 Majoris
466 2043 568 2086 jacet.
609 2040 745 2082 Scripta
758 2039 864 2082 hujus
878 2037 1033 2075 historia,
1046 2042 1085 2069 ut
1096 2041 1130 2069 et
1142 2038 1323 2076 sociorum,
1337 2048 1398 2080 per
1412 2037 1446 2070 S.
1461 2037 1662 2071 Brunonem

312 2099 605 2141 archiepiscopum
625 2095 874 2131 Coloniensem,
894 2097 928 2125 et
946 2091 980 2124 S.
1000 2092 1191 2125 Robertum
1210 2104 1270 2125 seu
1289 2093 1484 2136 Rupertum
1503 2093 1660 2126 abbatem

310 2155 538 2191 Tuitiensem,
572 2156 612 2184 ut
647 2150 805 2183 omittam
835 2148 970 2181 tabulas
1005 2148 1163 2180 laudatae
1199 2149 1357 2181 ecclesiae
1373 2159 1381 2186 ;
1419 2154 1452 2182 et
1484 2149 1661 2191 Rupertus

311 2211 449 2254 quidem
475 2209 582 2240 vitam
609 2206 747 2239 Albano
771 2204 872 2236 Scoto
898 2203 932 2235 S.
960 2203 1106 2236 Martini
1132 2204 1332 2237 monasterii
1359 2204 1521 2237 Coloniae
1547 2204 1662 2237 Scoto-

311 2277 388 2299 rum
408 2264 589 2302 dedicavit,
608 2267 648 2295 ut
666 2261 788 2294 Surius
802 2260 961 2302 producit
979 2264 1062 2292 tom.
1079 2268 1114 2291 V.
1130 2268 1212 2292 XVI.
1228 2260 1349 2293 Octob.
1365 2260 1424 2293 ubi
1439 2260 1538 2293 haec:
1557 2265 1576 2278 ‘⁶
1589 2259 1661 2292 Ε11-
