1861 2682
890 285 955 322 xvi

260 387 394 426 omnia
414 386 576 424 turbata
599 390 695 423 sunt
722 386 771 423 ab
796 384 1029 423 hominibus
1056 398 1136 423 non
1163 385 1297 423 minus
1325 386 1602 437 grammatico-

259 463 361 495 rum,
383 462 505 500 quam
526 461 660 485 rerum
682 453 921 492 nostrarum,
942 447 1099 498 ignaris.
1156 447 1279 498 Siqua
1298 447 1491 485 vocabula
1510 462 1602 500 sup-

258 511 466 563 plevimus,
497 509 611 548 uncis
649 515 746 547 sunt
777 508 941 547 inclusa.
1013 509 1094 547 Hie
1126 514 1262 547 autem
1295 510 1521 548 monendus
1553 524 1603 555 es,

258 573 393 619 lector,
410 572 487 610 tria
501 571 598 617 loca,
614 576 709 609 tom.
726 571 748 609 i.
765 585 801 622 p.
823 575 908 609 134.
933 572 1019 612 176.
1038 585 1117 623 seq.
1134 571 1188 609 sic
1204 570 1357 610 inclusa
1380 571 1396 621 [
1418 573 1448 624 ]‚
1468 572 1603 623 potius

258 634 545 686 distinguenda
565 647 648 672 esse
668 633 744 671 hoc
764 633 884 671 modo
906 634 919 679 (
940 636 966 684 )‚
986 633 1138 685 quippe
1153 647 1256 684 quae
1272 635 1321 671 ab
1337 640 1500 672 auctore
1516 647 1605 686 pro-

260 697 373 735 fecta.
430 697 625 734 Sexcenta
648 695 734 733 loca
760 695 1072 741 emendavimus,
1098 694 1162 733 vel
1189 694 1265 734 levi
1294 695 1514 742 literarum,
1541 695 1604 734 vel

260 758 471 797 audaciore
487 756 864 808 interpunctionum
880 757 1106 796 mutatione
1121 773 1129 801 ;
1151 757 1253 795 ratio
1269 757 1376 795 enim
1394 758 1606 810 interpun-

259 820 379 869 gendi
400 833 524 872 prope
545 818 659 857 nulla
679 824 775 857 erat.

315 882 351 920 T
355 896 430 920 om.
451 881 475 919 i.
496 895 532 933 p.
554 885 616 922 78.
670 886 690 904 ‘⁶
710 881 896 919 Boeanus
913 881 1077 932 quidem
1094 881 1135 919 111
1151 882 1281 933 patria
1296 882 1487 928 substitit,
1504 882 1536 920 F
1541 896 1605 920 ur-

261 958 350 983 saeo
389 958 481 982 cum
517 943 710 981 fratribus
744 944 786 981 in
825 942 999 981 Galliam
1033 944 1304 982 tendentibus.’'
1368 944 1605 996 Scripsimus

261 1008 442 1046 tendente.
495 1006 537 1044 P.
551 1010 614 1047 91.
635 1011 654 1028 ‘⁶
670 1005 779 1043 Hinc
794 1005 947 1043 habent
962 1004 1079 1049 Scoti‚
1099 1004 1210 1055 quod
1230 1010 1349 1042 antea
1365 1004 1606 1048 nesciebant,

262 1069 383 1106 fidem
405 1067 554 1106 Christi
581 1067 853 1119 apostolorum
881 1066 1140 1117 temporibus,
1167 1073 1208 1103 et
1234 1066 1283 1103 ab
1306 1065 1401 1117 ipsis
1426 1066 1606 1117 epistolis,

263 1131 335 1168 sibi
353 1130 723 1168 c01nmunicatam.”
756 1129 836 1166 Pro
851 1128 1021 1180 epistolis
1036 1126 1265 1178 scripsimus
1278 1128 1470 1180 apostolis.
1505 1128 1606 1165 Ibid.

263 1198 283 1215 ‘³
302 1192 366 1230 Ab
387 1206 433 1230 eo
454 1192 618 1229 comites
638 1190 913 1235 Cathenesiae,
940 1189 1038 1227 dicti
1066 1188 1192 1234 Bam,
1216 1203 1389 1240 quorum
1417 1189 1606 1241 frequens

263 1268 354 1292 cum
375 1254 535 1305 regibus
555 1253 702 1291 nostris
723 1252 905 1296 affinitas,
925 1251 976 1289 ad
996 1256 1214 1295 atavorum,
1235 1250 1330 1289 licet
1349 1251 1505 1289 minore
1520 1265 1607 1303 gra-

264 1318 330 1361 du,
347 1322 527 1367 tempora
547 1315 771 1354 descendit.”
828 1313 1048 1351 Manifesto
1069 1325 1211 1357 errore,
1231 1326 1303 1364 pro
1323 1313 1605 1352 descenderunt.

266 1380 308 1416 P.
319 1382 335 1415 1
347 1382 406 1415 10.
420 1378 469 1415 “J
473 1377 613 1415 oannis
628 1374 989 1421 Posthii‚archiatri
1004 1373 1189 1420 Palatini,
1204 1373 1398 1412 Latinum
1412 1375 1607 1426 epigram-

264 1454 339 1485 ma,
360 1445 400 1478 et
420 1439 502 1477 duo
518 1439 670 1476 Graeca
685 1437 709 1475 J
713 1437 852 1476 oannis
868 1436 1096 1488 Lundorpii
1109 1437 1313 1482 Graecam,
1327 1436 1495 1474 editioni
1511 1436 1607 1475 ulti-

265 1516 354 1541 mae
375 1515 542 1553 operum
563 1500 801 1538 Buchanani
821 1498 1008 1551 praefixa,
1029 1498 1253 1544 videantur,
1273 1504 1356 1536 tam
1377 1498 1546 1545 felicem,
1566 1506 1605 1538 et

266 1571 347 1602 tam
364 1562 545 1601 sublimis
562 1562 713 1613 ingenii
729 1564 925 1613 poetam!⁹
960 1559 1145 1598 Delenda
1157 1566 1217 1598 est
1232 1574 1309 1598 vox
1326 1561 1526 1607 Graecam,
1540 1561 1606 1599 de-

267 1627 361 1664 inde
377 1625 644 1670 scribendum,
659 1629 766 1662 “tam
780 1622 916 1669 felicis,
927 1628 967 1660 et
977 1628 1059 1660 tam
1070 1621 1252 1660 sublimis
1262 1622 1413 1673 ingenii
1424 1626 1605 1674 poetae;''

266 1688 342 1726 nisi
364 1693 410 1725 tu
429 1686 556 1731 malis,
577 1691 597 1708 ‘⁶
617 1692 699 1723 tam
719 1684 888 1731 felicem,
908 1690 948 1722 et
968 1690 1051 1722 tam
1071 1683 1253 1722 sublimis
1273 1684 1425 1736 ingenii
1446 1690 1606 1736 poetam

267 1748 453 1799 [summis
468 1747 655 1786 laudibus
669 1746 931 1799 effe1·entia].'’
971 1746 1013 1784 P.
1031 1750 1117 1784 130.
1134 1752 1153 1769 ‘⁵
1166 1746 1252 1784 Nec
1267 1760 1314 1785 ea
1326 1760 1402 1784 vox
1415 1753 1607 1798 usurpata

268 1811 419 1850 Sedulii
441 1824 536 1849 aevo
557 1808 789 1854 cultissimo,
816 1809 885 1847 sed
910 1814 1048 1860 postea
1074 1808 1124 1846 ad
1144 1808 1451 1860 distinguendos
1471 1810 1607 1847 Scotos

269 1874 468 1912 silvestres
484 1886 554 1910 seu
567 1877 780 1909 montanos
796 1884 817 1908 a
830 1870 1133 1909 mediterraneis
1147 1875 1187 1908 et
1202 1870 1410 1909 inferiores
1426 1871 1607 1922 regiones

268 1937 482 1974 habitantes
497 1934 756 1984 excogitata.”
809 1932 1125 1970 Emendavimus
1137 1933 1407 1971 habitantibus.
1459 1933 1502 1970 P.
1519 1937 1609 1971 201.

270 2004 290 2020 ‘⁶
302 1998 336 2035 S.
351 1997 530 2041 Dimaus,
544 1996 579 2033 S.
592 1995 739 2046 Sigenii
753 1994 984 2046 discipulus,
1000 2008 1106 2032 unus
1119 2008 1168 2033 ex
1181 1993 1260 2032 illis
1276 1994 1469 2046 episcopis
1483 1995 1608 2033 Scotis

269 2060 451 2104 habetur,
462 2058 533 2110 qui
544 2071 615 2109 per
627 2063 759 2095 totum
775 2070 943 2108 regnum
959 2055 1062 2094 nulli
1079 2062 1209 2094 certae
1225 2056 1411 2095 ecclesiae
1427 2057 1610 2109 allegatas

269 2121 465 2174 populum
485 2119 782 2172 praedicatione
801 2119 1002 2158 erudivit?
1047 2118 1284 2170 Scripsimus
1303 2119 1456 2170 alligati
1470 2125 1511 2156 et
1525 2133 1610 2157 era-

270 2185 457 2222 [liz-erunt.
514 2182 556 2220 P.
577 2186 665 2220 228.
686 2187 706 2204 ‘⁶
726 2181 764 2219 Si
785 2181 1008 2233 perpendas
1028 2194 1150 2232 quam
1166 2179 1384 2219 ridiculum
1400 2194 1610 2231 argumen-

272 2253 361 2284 tum
388 2245 495 2283 docti
523 2244 709 2289 habeant,
741 2257 764 2281 a
790 2242 1017 2294 scriptionis
1044 2241 1131 2280 loco
1157 2243 1435 2281 necessitatem
1463 2242 1610 2281 inferre

271 2307 467 2352 nationis3
502 2307 556 2346 sic
576 2306 682 2345 enim
704 2305 818 2344 fieret
845 2311 892 2344 ut
919 2304 967 2343 D.
996 2304 1210 2356 Augustin.
1239 2305 1366 2352 affert,
1395 2304 1611 2343 haberetur
