1861 2682
280 245 340 275 170
653 246 879 278 HISTORIA
902 247 1264 278 ECCLESIASTICA

630 337 847 370 JACOBUS
874 337 1147 370 CURLAEUS.
1200 340 1280 374 294.

279 393 454 426 JACOBUS
472 393 648 431 Curlaeus,
673 393 852 436 presbyter
875 392 1055 425 societatis
1077 392 1173 431 Jesu,
1197 398 1295 435 patre
1319 393 1421 426 Scoto
1446 394 1483 426 in
1509 394 1632 439 Belgio

280 454 392 487 natus,
422 450 482 492 qui
509 450 648 493 reginae
677 449 810 482 Mariae
839 460 858 481 a
882 448 1020 481 secretis
1051 452 1084 480 et
1110 448 1264 490 epistolis
1292 449 1380 482 fuit:
1407 449 1462 482 hic
1489 461 1570 483 vero
1595 452 1632 484 in

280 504 460 546 Hispaniis
478 506 538 537 diu
555 505 729 548 professus
746 505 1011 547 philosophiam,
1038 504 1258 547 theologiam,
1281 515 1320 536 ac
1337 505 1454 538 literas
1473 506 1633 539 humani-

278 571 364 599 ores,
384 561 439 592 vir
457 560 590 593 Scotiae
609 566 642 593 et
661 561 774 604 Belgii
792 562 853 592 lux
870 561 991 603 ingens
1010 571 1048 592 ac
1066 559 1179 598 fama3
1199 560 1254 592 cui
1269 559 1374 599 Scoti,
1393 572 1470 593 curn
1484 564 1630 595 multam

277 617 367 659 grati
387 617 493 648 animi
511 616 795 660 significationem
814 615 1083 653 exhibuerimus,
1107 616 1208 657 plura
1230 616 1440 655 debebimus,
1467 619 1558 660 quod
1582 618 1631 651 fa-

278 673 422 704 cultates
441 683 519 704 suas
543 672 773 714 amplissimas
798 671 898 703 fratri
922 682 984 703 suo
1010 670 1205 713 Hippolyto
1227 672 1417 715 reliquerit,
1444 678 1548 716 atque
1573 686 1630 707 eas

277 728 333 759 ille
366 728 563 760 societatem
597 728 701 760 etiam
731 728 918 771 ingressus,
953 731 1072 759 nostro
1105 726 1216 759 Duaci
1251 728 1394 772 collegio
1432 730 1630 773 assignarit.

276 783 420 826 Scripsit
438 783 597 821 Jacobus,
616 788 655 816 ut
674 795 694 816 a
711 783 831 815 multis
851 783 976 825 accepi,

323 839 584 872 Controversias
604 839 831 883 Theologicas
850 839 908 871 lib.
930 848 953 871 Ι.
989 837 1159 870 Dramata
1177 838 1298 882 lingua
1318 837 1509 882 Hispanica
1525 841 1583 873 lib.
1605 850 1627 873 1.

370 906 457 937 quae
477 906 538 928 rex
555 896 627 938 ipse
646 895 826 938 Hispanus
844 895 1024 938 spectavit.

320 950 418 983 Obiit
435 962 525 984 anno
545 960 699 984 MDCXV.
752 950 855 983 Tales
881 952 1036 983 surculos
1057 950 1182 994 jejuna
1206 949 1411 983 Hirlandiae
1435 951 1535 984 arbos
1560 964 1627 985 non

272 1007 441 1049 producit.

680 1103 829 1136 ALEX.
857 1102 1080 1136 CRAGIUS.
1134 1105 1214 1139 295.

269 1176 531 1208 ALEXANDER
547 1176 694 1220 Cragius
710 1175 926 1215 Bamfiensis,
943 1176 1105 1208 mediocri
1125 1177 1199 1209 loco
1219 1179 1332 1213 natus,
1351 1175 1411 1207 sed
1428 1176 1519 1207 claro
1533 1175 1626 1220 inge-

269 1232 337 1270 nio,
358 1231 487 1265 Gallias
506 1232 603 1270 vidit,
622 1237 661 1264 ut
679 1233 792 1270 audio,
812 1237 843 1264 et
863 1231 1040 1276 Angliam,
1059 1243 1120 1264 nec
1139 1231 1223 1264 bene
1241 1232 1271 1263 ei
1287 1242 1363 1263 cum
1379 1231 1533 1263 sectariis
1548 1242 1626 1264 con-

270 1288 375 1325 venit,
398 1288 588 1330 plurimum
612 1299 694 1320 vero
717 1288 876 1332 religioni
902 1287 1114 1320 orthodoxae
1139 1287 1256 1325 favet3
1281 1297 1362 1319 nam
1380 1287 1518 1329 scripsit
1544 1285 1626 1320 Mo-

270 1341 416 1376 nachum
435 1347 468 1376 et
485 1341 761 1382 Aclolescentem,
779 1342 851 1375 sive
868 1340 1013 1375 Bivium
1032 1340 1219 1382 Herculis,
1240 1343 1298 1375 lib.
1315 1352 1339 1375 1.
1359 1347 1564 1387 argumento
1583 1345 1626 1377 ab

268 1397 501 1443 Xenophonte
519 1401 639 1443 petito.
690 1400 790 1433 Vivit
808 1399 920 1432 adhuc
940 1398 1102 1431 Bamfiae.

651 1495 831 1528 GEORG.
859 1494 1102 1529 CONAEUS.
1155 1493 1234 1531 296.

267 1567 473 1600 GEORGIUS
491 1568 659 1606 Conaeus,
677 1569 884 1612 perantiqua
902 1572 935 1601 et
952 1567 1124 1611 imprimis
1142 1567 1250 1600 nobili
1268 1567 1376 1611 stirpe
1399 1574 1512 1608 natus,
1537 1581 1625 1613 quae

266 1635 327 1667 per
344 1625 457 1657 varias
476 1624 741 1667 frequentesque
765 1624 948 1657 affinitates
971 1623 1165 1656 illustribus
1190 1622 1458 1663 Gordoniorum,
1486 1625 1624 1658 Leslae-

265 1691 376 1718 orum,
394 1680 624 1718 Setoniorum,
643 1680 907 1723 Cheynaeorum
925 1680 1067 1712 familiis
1080 1681 1215 1724 juncta,
1239 1680 1378 1712 tandem
1397 1681 1492 1713 dedit
1511 1680 1623 1713 Patri-

265 1736 356 1768 cium
382 1736 515 1779 Achryi
541 1737 644 1780 longo
670 1737 848 1780 sanguinis
867 1737 947 1780 jure
969 1736 1161 1774 dominum,
1186 1736 1301 1768 virum
1324 1735 1522 1768 Catholicae
1545 1737 1624 1769 reli-

263 1792 376 1835 gionis
410 1791 631 1834 professione,
667 1797 701 1824 et
735 1792 939 1825 fortitudine
969 1792 1223 1831 clarissimum3
1250 1792 1349 1835 cujus
1384 1792 1557 1825 industria
1588 1798 1622 1825 et

264 1848 376 1880 virtus
395 1848 430 1880 in
450 1848 598 1880 mirabili
619 1849 677 1880 illa
700 1852 933 1880 trecentorum
955 1849 1111 1891 equitum
1138 1847 1396 1880 catholicorum
1422 1852 1541 1880 contra
1567 1849 1622 1881 de-

264 1914 334 1935 cem
354 1904 462 1935 millia
480 1904 730 1936 haereticorum
749 1904 905 1946 peditum
924 1903 1210 1935 Bellerenessensi
1229 1903 1384 1941 victoria,
1411 1903 1463 1936 bis
1488 1904 1563 1946 ipso
1584 1904 1621 1936 in

264 1958 424 1991 conflictu
442 1963 576 1991 mutato
594 1970 692 2001 equo,
712 1969 877 2003 magnum
891 1959 934 1991 ad
947 1958 1098 1991 hostium
1118 1958 1386 1991 internecionem
1405 1963 1620 1992 momentum

264 2015 393 2047 attulit.
455 2014 626 2058 Georgius
648 2014 750 2053 filius,
774 2015 975 2057 parentibus
997 2014 1041 2047 ob
1066 2015 1251 2046 emicantes
1279 2014 1384 2046 etiam
1410 2015 1447 2047 in
1473 2014 1621 2048 infantia

263 2070 305 2102 ad
328 2070 494 2102 virtutem
517 2080 653 2102 onmem
677 2075 711 2102 et
734 2070 942 2112 probitatem
966 2070 1131 2103 scintillas
1156 2081 1238 2112 prae
1261 2074 1395 2102 caetera
1411 2071 1507 2113 prole
1525 2081 1619 2104 ama-

264 2131 331 2164 tus,
361 2137 447 2169 pene
478 2137 563 2168 puer
593 2126 636 2158 ad
666 2126 871 2168 capiendum
902 2126 1032 2170 ingenii
1066 2127 1198 2158 cultum
1233 2127 1277 2159 ad
1311 2131 1448 2159 exteros
1481 2126 1618 2163 missus,

262 2182 297 2214 in
335 2182 457 2226 Belgio
492 2181 615 2219 Duaei,
656 2182 715 2214 ubi
751 2182 895 2213 decurso
929 2181 1167 2224 philosophiae
1203 2182 1315 2214 stadio
1349 2182 1522 2226 egregiam
1556 2183 1621 2214 ele-

261 2237 376 2281 gantis
421 2237 551 2281 ingenii
595 2248 637 2270 ex
682 2237 820 2279 publica
861 2238 1113 2270 concertatione
1155 2238 1292 2270 laudem
1334 2238 1536 2281 reportavit,
1581 2238 1618 2270 in

262 2293 383 2326 Galliis
410 2293 581 2332 Lutetiae,
608 2294 644 2325 in
674 2293 776 2325 Italia
802 2293 933 2326 Romae
960 2298 994 2325 et
1022 2293 1210 2331 Bononiae,
1243 2295 1336 2326 omni
1363 2293 1514 2326 liberalis
1541 2294 1619 2326 doc-

262 2350 372 2382 trinae
397 2361 521 2394 genere
545 2350 699 2383 animum
726 2350 814 2382 serio
840 2349 987 2393 subegit.
1038 2348 1201 2392 Dumque
1219 2349 1398 2381 Bononiae
1422 2353 1521 2387 esset,
1545 2349 1619 2381 ille-

262 2410 336 2438 ctus
373 2406 544 2439 constanti
580 2416 685 2448 supra
726 2405 950 2438 adolescentis
993 2409 1140 2437 aetatem
1183 2404 1356 2448 gravitate
1399 2404 1619 2437 Mirandulae
