1861 2682
593 229 765 262 GENTIS
789 228 1061 266 SCOTORUM,
1086 227 1173 259 LIB.
1200 227 1256 257 VI.
1550 227 1611 258 277

252 336 324 358 sain
360 325 484 357 silvam
519 324 653 356 delatus
684 328 745 361 est,
777 322 975 356 advenienti
1005 321 1144 354 arbores
1175 320 1354 353 cacumina
1385 319 1607 352 inclinarunt.

252 390 351 414 XVII.
379 380 509 413 Terrae
535 380 744 412 mandarunt
769 380 804 411 in
830 379 1035 422 opacissima
1061 388 1100 409 ea
1125 377 1226 409 silva.
1278 384 1395 408 XVIII.
1424 374 1608 407 Fundatur

252 437 402 475 ccclesia,
421 442 454 469 et
472 435 628 480 ingentia
645 435 733 468 fiunt
751 435 905 478 quotidie
923 434 1099 466 miracula.
1153 441 1238 465 XIX.
1259 432 1512 464 Miraculorum
1533 442 1611 474 pro-

256 493 427 537 gressus.’'

301 548 437 581 Floruit
454 559 545 581 anno
565 556 656 579 MCC.
676 554 710 580 et
727 547 819 590 quod
838 547 1000 579 excurrit.
1053 545 1190 578 Colitur
1217 545 1271 577 die
1299 552 1414 577 XXIV.
1440 543 1463 576 J
1466 543 1610 576 anuarii.

252 606 343 638 Acta
361 605 435 637 loci.

670 699 704 732 S.
733 698 1063 732 FLORENTIUS.
1115 701 1136 731 5
1144 700 1197 732 lo.

253 780 272 793 ‘⁶
295 775 329 807 S.
350 774 625 812 FI.ORENTIUS‚
645 773 828 806 Scotorum
847 773 1020 816 indigena,
1040 772 1076 803 in
1100 770 1182 804 flore
1202 771 1370 814 juventae
1388 770 1536 813 patriam
1555 780 1612 811 pa-

251 835 434 873 rentesque
459 831 640 868 deseruit,''
668 830 716 862 ait
743 829 921 861 Arnoldus
948 828 1066 860 Uvion
1092 828 1151 860 lib.
1183 836 1241 859 ΙΙΙ.
1271 826 1377 871 Ligni
1404 826 1507 860 Vitae
1533 836 1611 869 pag.

252 895 446 919 CCCLXIII.
497 886 628 930 Wsolfg.
649 886 733 918 Laz.
753 886 811 917 lib.
833 893 906 916 ΠΧ.
924 884 1071 928 Migrat.
1091 883 1194 916 Gent.
1214 894 1293 928 pag.
1313 892 1468 915 ccceix.
1495 887 1515 900 ‘⁶
1534 882 1613 914 Flo-

251 943 395 980 rentius,
409 943 549 975 natione
563 942 718 975 Scotus.’'
761 941 887 973 Petrus
903 940 1131 982 Cratepolius.
1172 939 1295 971 Franc.
1310 938 1433 971 Irenic.
1448 938 1610 971 German.

252 997 402 1043 Exeges.
430 999 489 1031 lib.
519 1008 560 1031 11.
588 1009 660 1041 cap.
687 1006 798 1030 XLVI.
846 996 979 1029 Anton.
1007 995 1213 1028 Demochar.
1241 1000 1324 1027 tom.
1351 1004 1391 1028 II.
1423 996 1464 1027 de
1490 994 1611 1026 Sacris.

252 1054 352 1087 Miss.
378 1066 451 1097 cap.
479 1063 604 1088 XXXV.
657 1053 852 1097 Episcopus
870 1052 1140 1097 Argentinensis
1160 1060 1211 1084 IV.
1240 1058 1279 1084 ut
1297 1051 1531 1084 Demochares
1555 1051 1612 1083 ha-

252 1110 308 1143 bet
326 1111 361 1142 in
380 1111 519 1149 tabulis,
549 1111 765 1143 nobilissima
791 1115 887 1142 ortus
914 1109 1056 1147 familia,
1085 1119 1221 1140 summa
1239 1107 1433 1140 sanctitatis
1454 1107 1613 1150 opinione

251 1167 387 1199 claruit.
438 1167 648 1209 Anonymus
667 1170 788 1198 auctor
805 1165 897 1207 apud
916 1164 1058 1196 Surium
1077 1169 1159 1197 tom.
1182 1173 1234 1197 VI.
1259 1164 1314 1196 die
1334 1172 1402 1196 VII.
1423 1163 1611 1196 Novembr.

252 1226 271 1239 ‘⁶
298 1221 387 1254 Cum
415 1221 638 1266 Dagobertus
667 1232 727 1253 rex
759 1222 801 1253 ad
830 1222 928 1265 regni
961 1220 1177 1253 Francorum
1205 1220 1441 1265 gubernacula
1471 1221 1614 1257 sederet,

251 1278 284 1310 S.
305 1278 515 1316 Florentius,
535 1289 614 1310 cum
631 1277 741 1309 Beato
756 1277 965 1320 Argobasto,
985 1276 1178 1315 Theodato,
1197 1281 1231 1309 et
1247 1276 1453 1319 Hildulpho,
1468 1287 1486 1308 e
1500 1276 1615 1309 Scotia

252 1334 401 1367 venitin
418 1334 615 1372 Alsatia1113
644 1333 705 1365 ubi
730 1343 810 1365 cum
836 1332 869 1364 S.
895 1331 1117 1376 Argobastus
1136 1333 1238 1365 datus
1265 1337 1354 1365 esset
1379 1332 1616 1376 Argentinen-

252 1390 280 1422 si
307 1390 465 1423 ecclesiae
491 1391 647 1428 antistes,
680 1389 812 1422 Beatus
840 1388 1051 1426 Florentius,
1079 1392 1112 1421 et
1138 1388 1176 1421 in
1201 1389 1300 1427 silva,
1327 1399 1432 1432 quam
1459 1386 1617 1421 Hassile

251 1451 387 1485 vocant,
430 1446 490 1479 ubi
525 1445 685 1478 Bruscha
718 1444 847 1478 fluvius
882 1456 900 1478 e
934 1449 1051 1477 monte
1087 1443 1226 1489 Vosago
1256 1445 1423 1483 dimanat,
1454 1445 1615 1478 manibus·

253 1502 324 1536 suis
356 1503 470 1545 coepit
497 1507 626 1535 terram
652 1502 773 1540 colere,
801 1506 841 1534 ut
870 1501 979 1534 victui
1008 1501 1200 1534 necessaria
1225 1502 1396 1544 pararet.⁷’
1447 1501 1613 1534 Constan.

252 1558 359 1592 Ghin.
385 1570 465 1603 pag.
485 1565 625 1590 XXCVI.
655 1561 676 1575 “
693 1557 727 1590 S.
755 1557 936 1595 Florentii,
963 1557 1114 1600 episcopi
1141 1558 1269 1600 quarti,
1298 1558 1358 1601 qui
1384 1569 1509 1602 genere
1536 1557 1615 1590 Sco-

252 1616 341 1647 tus.’'
404 1614 530 1647 Subdit
564 1614 683 1647 eadem
717 1625 805 1657 quae
839 1613 973 1646 Surius.
1025 1613 1115 1646 Vide
1145 1614 1310 1647 historiae
1341 1615 1475 1653 seriem,
1510 1625 1615 1657 quam

253 1671 288 1703 in
314 1672 488 1714 epitomen
514 1671 648 1714 redegit
674 1670 799 1702 Franc.
830 1669 1001 1708 Haraeus,
1031 1671 1130 1714 cujus
1161 1681 1298 1703 summa
1324 1675 1396 1703 est:
1422 1670 1614 1714 Dagoberti

252 1727 344 1772 regis
362 1726 451 1759 filiae
470 1726 641 1764 Rathildi,
660 1737 777 1759 caecae
795 1731 830 1759 et
847 1731 975 1765 mutae,
994 1727 1109 1760 visum
1128 1732 1162 1760 et
1186 1737 1304 1759 vocem
1328 1727 1506 1766 restituit;
1533 1738 1615 1760 mox

253 1783 430 1816 excedenti
449 1782 630 1821 Rothario,
651 1787 692 1815 nt
710 1782 858 1815 Balaeus
877 1783 936 1820 ait,
956 1787 1017 1815 aut
1035 1783 1151 1816 verius
1170 1782 1204 1814 S.
1225 1782 1435 1826 Argobast0,
1450 1784 1614 1815 successit

252 1840 288 1871 in
308 1839 508 1882 episcopatu
524 1838 795 1883 Argentinensi;
823 1850 946 1881 corpus
966 1850 1047 1872 vero
1066 1839 1237 1871 divinitus
1259 1839 1458 1871 admonitus
1477 1838 1615 1872 Rhaeto

252 1895 443 1928 transtulit.
491 1894 626 1937 Gaspar
655 1894 860 1933 Brusehius,
889 1901 923 1928 et
953 1897 1177 1929 Sebastianus
1202 1896 1418 1934 Munsterus,
1443 1897 1503 1939 qui
1534 1897 1614 1930 licet

252 1952 341 1983 male
375 1951 416 1982 de
450 1950 516 1982 fide
549 1951 687 1988 sentiat,
722 1951 850 1993 quippe
880 1952 1090 1996 jamdudum
1124 1953 1351 1995 proscriptus,
1387 1952 1614 1985 nihilominus

253 2007 294 2039 de
312 2007 376 2039 hoc
394 2011 512 2038 sancto
530 2006 585 2048 pie
602 2007 769 2049 loquitur.
808 2007 938 2041 Chron.
958 2008 1119 2041 Chronic.
1139 2019 1217 2052 pag.
1238 2017 1416 2041 DCCXCII.
1447 2013 1467 2026 ‘⁶
1486 2008 1519 2041 S.
1536 2008 1616 2042 Flo-

255 2063 389 2095 rentius
402 2062 524 2094 Scotus
539 2062 646 2094 nobili
660 2062 828 2096 familia:’'
847 2068 880 2096 et
894 2075 973 2109 pag.
990 2073 1224 2097 DCCCXXVII.
1251 2069 1271 2082 ‘⁶
1283 2075 1361 2097 cuin
1373 2064 1416 2097 ad
1430 2075 1508 2097 eum
1520 2075 1616 2107 pere-

254 2119 479 2164 grinarentur
502 2118 604 2150 multi
626 2117 730 2156 Scoti,
755 2120 802 2161 pii
828 2125 863 2152 et
889 2121 980 2153 docti
1006 2121 1176 2159 homines,
1202 2121 1396 2154 aedificavit
1415 2122 1499 2164 ipsis
1518 2132 1615 2163 prae-

252 2175 383 2207 clarum
402 2173 605 2206 coenobium
624 2174 666 2206 ad
686 2185 821 2207 amnem
838 2175 1050 2209 Bruschium
1064 2177 1093 2216 ;”
1110 2177 1167 2209 hic
1181 2188 1307 2220 quaeso
1322 2177 1406 2220 quid
1420 2177 1615 2209 mendicent

254 2230 447 2263 Hirlandi'?
511 2229 668 2268 Quartus
698 2232 842 2264 antistes
868 2232 1137 2277 Argentinensis
1164 2233 1254 2272 fuit3
1287 2234 1376 2266 male
1403 2234 1504 2266 aliter
1531 2244 1615 2265 nou-

253 2287 339 2319 nulli
366 2286 532 2325 sentiunt,
561 2290 595 2318 et
621 2287 658 2319 in
684 2287 738 2320 his
763 2286 865 2320 Joan.
885 2288 1050 2322 Leslaeus
1068 2289 1126 2322 lib.
1147 2297 1200 2322 IV.
1230 2300 1308 2334 pag.
1329 2298 1471 2322 CLXIII.
1524 2288 1613 2334 Ejus
