1861 2682
586 248 758 281 GENTIS
781 247 1053 285 SCOTORUM,
1079 247 1167 279 LIB.
1191 247 1248 278 VI.
1538 251 1601 282 995

237 342 431 387 porrigens,
450 346 470 361 “
485 340 543 375 En
562 342 606 375 do
623 342 780 385 panen1‚‘'
798 341 925 385 inquit,
942 345 963 360 “
977 346 1018 374 ut
1031 352 1210 384 nunquam
1225 340 1405 384 episcopus
1419 340 1511 380 fias,’'
1530 352 1600 374 ma-

237 409 321 431 num
341 399 489 431 retraxit
507 409 606 442 puer,
631 409 674 430 ne
700 409 739 430 ea
765 399 839 442 lege
865 408 990 440 panem
1016 397 1195 440 acciperet,
1223 397 1315 440 quod
1342 397 1378 429 in
1404 397 1599 430 sanctitatis

235 464 336 486 omen
360 459 548 497 acceptum,
572 465 653 487 nam
671 455 814 487 ancillae
832 453 994 486 dominus
1012 453 1042 486 ei
1061 453 1305 496 quotidianum
1331 453 1424 485 domi
1448 463 1540 491 suae,
1566 459 1599 485 ct

235 515 441 553 perpetuum
467 510 597 543 victum
624 510 881 553 suppeditavit:
907 514 942 542 et
967 510 1031 542 hoc
1057 520 1139 541 sane
1165 509 1306 542 videtur
1334 508 1524 542 Hirlandos
1550 509 1600 541 in-

234 565 385 604 duxisse,
406 570 456 604 ut,
475 566 558 609 quia
576 577 654 598 eum
674 566 887 598 mendicasse
909 569 1160 608 compererant,
1186 575 1290 598 suum
1311 565 1475 603 facerent,
1501 566 1600 608 quasi

234 621 317 664 quia
350 632 468 654 omnes
504 621 668 654 Hirlandi
704 622 911 660 mendicant,
945 632 1064 654 omnes
1098 621 1159 664 qui
1190 621 1399 659 mendicent,
1436 620 1599 653 Hirlandi

234 678 330 710 sint:
364 682 399 710 et
424 677 529 710 velim
555 689 576 710 a
603 685 638 710 V.
667 686 727 711 CL.
755 677 887 721 Campo
917 678 1015 716 scire,
1043 688 1120 709 cum
1148 682 1219 710 tam
1245 677 1452 720 paupertina
1483 677 1600 709 condi—

235 734 328 766 tione
346 744 426 766 eum
443 733 551 767 fuisse
569 739 714 772 constet,
739 734 912 777 quomodo
935 737 1037 778 gente
1064 733 1248 766 Scotorum
1274 732 1477 765 Placentina
1502 737 1600 766 ortus

233 790 289 828 sit,
310 800 399 833 quae
416 800 551 833 semper
568 790 692 833 primo,
710 801 780 823 non
797 790 989 823 nobilitatis
1007 790 1119 822 solum
1139 789 1198 822 sed
1217 793 1251 821 et
1268 799 1385 832 opum,
1404 789 1516 833 gradu
1540 789 1601 822 ha-

233 845 315 878 bita.
367 844 434 878 Sed
452 845 538 879 haec
554 857 597 878 ex
616 845 740 889 Campi
766 845 925 878 Historia
947 846 1044 879 brevi
1066 845 1198 878 edenda
1221 844 1321 877 facile
1346 845 1487 878 discam.
1542 844 1600 877 Ad

236 901 367 944 scripta
384 902 498 941 venio,
516 912 604 945 quae
622 913 684 945 per
701 902 962 934 ornatissimum
984 902 1099 934 virum
1126 906 1160 935 et
1183 902 1285 946 longe
1302 901 1501 944 piissimum
1520 901 1601 934 Pla-

233 958 348 990 centia
365 958 491 1001 accepi,
509 957 555 990 R.
575 958 616 991 P.
636 958 835 991 Bassanum
852 957 1010 996 Gattum‚
1031 957 1327 1001 Hieronymianae
1344 957 1466 990 Eremi
1482 968 1601 990 mona-

231 1013 346 1052 chum,
364 1014 424 1057 qui
443 1015 617 1047 suavitate
635 1025 784 1053 morum,
803 1018 838 1047 et
857 1014 1044 1058 omnigena
1057 1014 1253 1052 literatura,
1270 1018 1304 1046 et
1317 1012 1485 1046 familiam
1501 1024 1600 1046 suam

232 1068 403 1109 nobilitat,
422 1075 456 1103 et
475 1069 649 1103 Thomam
668 1069 917 1113 Dempsterum
934 1070 1097 1102 devincit.
1150 1069 1241 1102 Sunt
1260 1074 1379 1102 autem
1397 1079 1459 1102 ea:

378 1126 563 1160 Sermones
581 1127 625 1160 ad
645 1126 818 1170 Populum
837 1126 920 1159 dicti
1108 1124 1213 1159 lib.‘1.
1241 1125 1317 1158 MS.
1336 1126 1379 1159 ad
1398 1125 1600 1159 Dominica-

424 1194 488 1216 nos
515 1183 747 1222 Placentinos,
775 1183 835 1216 sed
861 1182 960 1215 aiunt
985 1182 1205 1225 deperditos3
1233 1182 1362 1215 librum
1393 1186 1511 1215 tamen
1542 1182 1600 1215 de-

423 1239 544 1272 scribit
572 1247 609 1272 V.
641 1247 702 1271 CL.
735 1237 910 1281 Campus3
945 1239 982 1270 in
1011 1243 1147 1281 quarto,
1180 1239 1307 1282 inquit,
1337 1243 1438 1272 erant
1465 1239 1597 1282 scripti,

424 1295 630 1328 membrana
647 1295 874 1328 columnatim
899 1294 1023 1332 divisa,
1050 1294 1093 1327 ad
1119 1294 1398 1339 magnitudinem
1425 1294 1598 1328 dimidiati

428 1351 617 1384 Breviarii.

376 1407 554 1441 Homiliae
577 1409 621 1441 ad
645 1407 787 1441 Clerum
812 1407 1054 1442 Placentinum
1080 1408 1227 1441 diversis
1253 1407 1431 1441 occasione
1455 1413 1490 1441 et
1514 1411 1600 1441 tem-

426 1474 510 1508 pore
530 1465 695 1498 recitatae
899 1464 959 1497 lib.
979 1473 1004 1497 1.
1022 1465 1151 1508 partim
1170 1464 1253 1497 dum
1272 1469 1362 1497 esset
1380 1464 1598 1508 praepositus

428 1520 464 1553 S.
483 1520 712 1564 Euphemiae,
730 1521 860 1564 partim
877 1521 962 1554 dum
979 1521 1176 1554 canonicus.

376 1576 435 1610 Ad
454 1577 574 1610 Socios
593 1577 738 1610 Parisiis
756 1578 793 1610 in
810 1578 865 1610 die
885 1577 1065 1610 Paschatis
1251 1577 1311 1610 lib.
1332 1586 1356 1610 Ι.

375 1632 430 1666 Ad
453 1633 595 1667 Fratres
613 1644 694 1666 suos
712 1644 791 1666 cum
808 1633 969 1666 rediisset
987 1644 1005 1665 e
1023 1632 1147 1666 Schola
1250 1634 1310 1667 lib.
1332 1642 1356 1666 Ι.

277 1689 384 1722 Anno
404 1698 528 1722 Mccx.
547 1694 684 1722 creatus
703 1694 756 1723 est
777 1690 957 1733 episcopus
976 1689 1193 1722 Placentiae:
1223 1689 1352 1723 viderit
1378 1689 1597 1723 Fitz-Simon

231 1745 435 1784 Hirlandus,
467 1756 537 1789 qua
567 1745 710 1790 ignavia
739 1756 817 1778 eum
849 1746 1002 1789 primum
1028 1744 1225 1778 Placentiae
1254 1746 1453 1789 episcopum
1480 1746 1594 1784 faciat,

229 1807 290 1835 aut
307 1802 390 1845 quia
407 1802 619 1835 mendicasse
636 1802 776 1846 legitur,
795 1801 993 1835 Hibernum
1011 1812 1073 1834 cur
1090 1800 1185 1834 facit.
1241 1801 1450 1835 Translatus
1476 1803 1520 1835 ad
1545 1813 1598 1835 ca-

229 1858 389 1891 thedram
420 1858 641 1890 Ticinensem
672 1869 763 1891 anno
792 1866 978 1891 MCCXVII.
1006 1857 1184 1900 depositus
1211 1862 1263 1891 est
1288 1869 1379 1891 anno
1409 1867 1594 1891 MCCXXX.

230 1914 370 1947 Colitur
387 1914 442 1947 die
462 1922 579 1947 XXVI.
601 1914 724 1947 Octob.
774 1914 1070 1958 Martyrologium
1088 1913 1298 1952 Romanum,
1317 1918 1351 1947 et
1368 1914 1499 1947 laudati
1518 1925 1597 1947 auc-

232 1976 336 2004 tores.
388 1969 532 2003 Sacrum
551 1981 677 2013 corpus
696 1976 748 2004 est
767 1970 893 2004 Ticini.

276 2026 350 2059 Nec
368 2026 543 2059 immerito
557 2025 752 2060 Gulielmus
766 2026 957 2071 Duglasius
976 2026 1092 2060 Scotia
1109 2037 1268 2072 egressus
1282 2027 1319 2060 in
1334 2026 1473 2060 Italiam
1488 2027 1595 2065 venit,

227 2088 267 2116 ut
284 2083 417 2115 dictum
435 2082 606 2125 superius,
626 2093 797 2126 suumque
811 2083 1019 2122 Placentiae,
1038 2094 1080 2116 ex
1093 2083 1278 2126 antiquiss.
1298 2083 1421 2117 Italiae
1438 2083 1596 2122 urbibus,

227 2138 442 2172 domicilium
465 2137 756 2181 fortunarumque
783 2150 926 2171 suarum
948 2140 1062 2172 sedem
1087 2139 1174 2178 fixit,
1199 2151 1343 2184 eamque
1366 2140 1514 2183 posteris
1536 2150 1597 2183 pa-

227 2196 333 2228 triam
352 2193 564 2233 destinavit3
592 2205 662 2237 qua
680 2205 722 2226 ex
744 2195 830 2227 urbe
852 2200 947 2228 ortae
965 2201 1047 2229 sunt
1065 2200 1118 2229 tot
1135 2200 1276 2240 tamque
1299 2197 1452 2229 illustres
1478 2195 1595 2229 Scoto-

227 2262 305 2284 rum
332 2250 495 2288 famihae,
524 2254 564 2283 ut
589 2250 726 2283 circiter
751 2250 866 2283 decem
897 2255 931 2283 et
957 2252 1106 2294 amplius
1136 2263 1229 2285 nunc
1254 2263 1436 2285 numerare
1462 2251 1591 2289 libeat-3

227 2318 315 2352 quae
345 2306 538 2340 innumeris
573 2317 680 2350 prope
714 2311 748 2340 et
783 2307 931 2352 egregiis
962 2308 1104 2341 coelitus
1135 2313 1237 2342 aucta
1271 2307 1464 2352 privilegiis
1502 2306 1594 2340 efflo-

875 2366 895 2395 2
915 2371 939 2395 u
