1861 2682
638 266 810 298 GENTIS
835 266 1106 304 SCOTORUM,
1132 266 1219 297 LIB.
1243 267 1286 298 ΙΙ.
1583 269 1643 298 125

280 359 456 397 memoria,
483 370 522 392 ac
551 360 749 402 eloquentia
774 370 920 397 summa,
947 370 967 391 a
993 359 1217 392 Tolosatibus
1243 364 1435 398 revocatus,
1455 360 1515 404 jus
1541 361 1642 393 civile.

279 415 538 458 interpretatus,
557 426 684 460 magno
701 416 938 448 studiosorum
956 425 1125 448 concursu
1142 415 1397 459 frequentatur.
1429 415 1519 460 Ejus
1538 421 1640 449 sunt:

424 470 467 503 In
485 470 650 516 Logicam
671 471 873 504 Aristotelis
1247 472 1306 504 lib.
1328 481 1353 505 Ι.

424 526 465 559 In
485 527 670 571 Physicam
690 527 890 560 Aristotelis
1246 529 1305 561 lib.
1326 537 1350 560 Ι.

422 582 464 615 In
483 584 651 626 quosdam
672 583 926 617 Pandectarum
946 585 1067 618 titulos
1244 585 1303 618 lib.
1325 594 1349 617 Ι.

326 638 425 672 Vivit
438 639 551 672 adhuc
566 639 723 677 Tolosae,
736 645 770 672 et
784 641 934 682 patriam
945 652 1044 674 suam
1056 652 1126 674 non
1141 642 1334 686 vulgariter
1346 646 1459 675 ornat.
1485 641 1640 675 “Rector

276 694 470 727 academiae
488 695 692 734 Tolosanae‚
716 695 890 738 professor
907 697 1034 741 regius,
1061 698 1116 730 vir
1141 698 1430 736 eruditissimus?
1452 704 1597 731 vocatur
1621 710 1640 730 a

276 750 436 784 Gabriele
455 751 724 785 Bartholomaeo
741 752 800 784 lib.
820 761 872 784 VI.
894 752 1094 787 Prostratae
1114 754 1338 793 Rebellionis,
1357 765 1430 798 cap.
1452 763 1475 787 1.

651 863 674 896 J
677 863 871 897 ACOBUS
896 864 1145 899 BETONUS
1182 868 1224 899 21
1231 869 1262 902 7.

275 974 297 1005 J
301 983 451 1010 ACOBUs
471 976 639 1015 Betonus‚
659 975 880 1009 Glascuensis
903 976 1193 1021 archiepiscopus,
1218 978 1365 1012 Davidis
1389 980 1574 1013 cardinalis
1597 991 1640 1012 ex

275 1031 383 1064 fratre
405 1043 522 1075 nepos,
545 1032 653 1065 nobili
676 1031 810 1064 familia
827 1032 868 1065 de
886 1031 1045 1072 Balfour,
1071 1045 1114 1066 ex
1139 1045 1208 1077 qua
1235 1035 1340 1068 etiam
1366 1036 1516 1080 majores
1543 1036 1640 1069 ducis

275 1087 400 1126 Suillii,
419 1099 566 1132 magnae
584 1088 677 1131 apud
696 1086 889 1121 Henricum
909 1087 972 1121 IV.
999 1089 1212 1133 dignationis
1232 1090 1311 1129 viri,
1329 1090 1366 1123 in
1393 1090 1524 1124 Gallias
1544 1092 1638 1124 veni-

273 1148 369 1176 entes
388 1144 480 1185 apud
499 1143 684 1176 Neustrios
708 1144 823 1176 sedem
842 1143 999 1178 fixerant.
1026 1145 1183 1178 Betonus
1203 1152 1332 1186 noster,
1360 1147 1538 1191 religionis
1557 1159 1640 1192 ergo

272 1199 386 1241 patria
403 1197 584 1242 profugUS,
604 1198 738 1231 Romae
757 1205 975 1233 consecratus
1002 1206 1055 1234 est
1080 1201 1358 1245 archiepiscopus
1385 1214 1476 1236 anno
1504 1212 1637 1237 MDL11.

273 1253 453 1287 Gallorum
488 1258 608 1297 postea
641 1265 764 1298 regum
805 1255 1011 1289 liberalitate
1046 1257 1162 1300 opima
1196 1259 1389 1291 sacerdotia
1422 1265 1637 1298 consecutus,

273 1310 378 1343 abbas
396 1310 438 1342 B.
457 1309 617 1355 Virginis
636 1307 785 1343 Labsiae
802 1311 839 1343 in
862 1310 1077 1351 Pictonibus,
1105 1318 1269 1355 quaestor
1294 1314 1330 1346 S.
1358 1314 1487 1347 Hilarii
1514 1315 1638 1360 Magni

271 1366 455 1411 Augustae
474 1365 671 1405 Pictonum,
690 1366 786 1409 prior
804 1366 921 1400 Sancti
941 1366 1038 1400 Petri
1057 1368 1251 1407 Pontesiae‚
1279 1374 1300 1388 ‘⁶
1318 1370 1392 1403 vita
1409 1370 1579 1404 honorata
1604 1378 1638 1405 et

272 1427 413 1456 actuosa
439 1423 532 1455 domi
560 1421 725 1466 forisque,
758 1428 876 1456 orator
905 1423 942 1455 in
974 1422 1088 1456 Gallia
1114 1425 1214 1457 annis
1242 1433 1342 1458 XLII.
1369 1425 1460 1458 bona
1485 1428 1637 1460 moriens

272 1479 308 1511 in
335 1489 469 1512 annuos
496 1489 690 1522 pauperum
719 1479 1004 1513 scholasticorum
1031 1479 1214 1513 Scotorum
1241 1492 1326 1514 usus
1354 1483 1529 1526 eroganda
1560 1484 1638 1516 reli-

271 1535 379 1579 quit.”
431 1534 497 1567 Sed
516 1535 730 1578 epitaphium
755 1546 928 1578 apponam
954 1536 998 1568 ad
1023 1536 1067 1568 D.
1094 1536 1241 1569 Joannis
1268 1536 1514 1571 Lateranensis
1539 1538 1638 1572 Pari-

271 1592 343 1630 siis,
357 1591 416 1624 ubi
431 1591 540 1629 obiit3
560 1596 611 1623 est
623 1591 715 1623 enim
728 1592 872 1631 cultum,
884 1596 918 1625 et
933 1592 1079 1637 dignum
1091 1603 1161 1625 non
1180 1593 1227 1626 ibi
1246 1598 1397 1632 tantum,
1416 1595 1474 1627 sed
1494 1595 1634 1638 ubique,

271 1648 350 1693 legi.

567 1747 682 1775 Praesul
696 1753 724 1775 et
739 1753 830 1775 orator
844 1748 938 1776 fuerat
952 1749 1001 1785 qui
1016 1749 1156 1776 maximus
1170 1750 1244 1777 orbis

602 1795 707 1821 Aetate
722 1793 782 1825 hac,
797 1803 882 1831 parvo
896 1804 1031 1822 marmore
1045 1795 1213 1831 contegitur.

564 1839 778 1876 Quinquaginta
793 1849 881 1867 unum
896 1840 1006 1877 praesul
1020 1846 1194 1877 transegerat
1209 1851 1303 1875 annos,

602 1885 799 1922 Quadraginta
813 1885 881 1913 duos
896 1886 972 1923 regia
982 1886 1061 1923 jussa
1076 1887 1170 1919 subit;

564 1930 619 1958 Sed
633 1931 704 1958 vidit
719 1941 797 1968 reges
812 1932 957 1959 Gallorum
972 1933 1096 1969 quinque
1110 1938 1224 1960 secutus

603 1977 714 2009 Orator,
730 1978 837 2014 patriae
851 1978 957 2014 profuit
972 1988 1060 2014 usque
1075 1988 1149 2006 suae.

563 2022 615 2050 Est
629 2029 694 2050 voto
709 2023 828 2056 fructus,
845 2023 939 2051 Scotos
955 2024 1117 2061 Anglosque
1131 2025 1183 2052 sub
1198 2035 1253 2052 uno

603 2067 694 2095 Unius
710 2068 786 2096 Scoti
801 2069 909 2097 viderat
923 2070 1040 2107 imperio
1053 2081 1059 2096 :

564 2112 641 2139 Illud
655 2114 787 2146 restabat,
803 2114 892 2142 voluit
906 2115 979 2152 quod
994 2122 1128 2153 utrosque
1142 2117 1193 2144 sub
1208 2127 1295 2144 unum

604 2158 724 2186 Divinae
739 2160 808 2197 legis
824 2161 931 2188 mittier
944 2162 1104 2199 imperium,

563 2204 702 2240 Quodque
717 2215 798 2232 suum
813 2206 902 2243 cupiit
916 2217 1009 2244 regem
1025 2208 1191 2240 venerarier,
1209 2214 1236 2236 et
1254 2219 1324 2236 nior*

601 2249 704 2277 Fertur
718 2251 747 2278 in
763 2251 812 2278 hoc
827 2261 882 2279 uno
896 2254 1093 2290 praecipitasse
1108 2263 1211 2282 senem.
