1861 2682
256 266 297 297 66
630 266 852 298 HISTORIA
877 265 1239 298 ECCLESIASTICA

694 414 728 447 S.
756 411 1041 446 BATHENUS.
1094 413 1174 445 123.

255 526 315 560 DE
334 536 374 558 eo
391 526 495 558 etiam
514 526 668 570 ejusdem
688 524 735 557 H.
755 524 895 558 Boethii
912 523 1147 557 narrationem
1165 522 1347 556 audiamus
1365 522 1424 557 lib.
1445 531 1499 557 lx.
1519 523 1615 557 Hist.

259 581 350 614 Scot.
369 592 448 625 pag.
467 589 621 614 CLXVII.
673 586 693 600 ‘⁶
711 580 846 614 Venere
864 590 940 613 cum
961 590 1000 613 eo
1019 578 1068 621 (S.
1088 578 1272 624 Columba)
1291 579 1328 612 in
1345 579 1530 613 Albionem
1549 580 1617 612 viri

257 637 437 670 duodecim
457 636 589 670 Christi
607 637 768 681 dogmate
786 636 970 680 insigniter
986 634 1124 674 imbuti,
1143 634 1203 667 sed
1220 635 1331 679 magis
1349 636 1451 679 longe
1474 636 1618 668 sanctis-

257 694 352 726 simis
377 693 526 725 decorati
551 692 715 730 moribus,
739 691 918 724 Bathenus
936 695 971 723 et
988 689 1166 729 Cominus,
1186 691 1247 734 qui
1265 694 1342 734 post
1356 691 1542 724 Columbae
1561 702 1619 724 ex-

258 750 346 782 itum
377 748 624 781 monachorum
655 747 813 780 claustris
843 746 1006 789 praefecti
1041 746 1133 779 inter
1166 746 1286 780 Scotos
1319 746 1413 780 haud
1447 747 1620 779 mediocre

257 805 387 838 Christi
407 804 565 837 ecclesiae
582 803 684 836 decus
703 803 881 835 attulere.”
924 801 998 834 Nec
1014 803 1116 845 plura
1133 802 1215 835 alibi
1233 802 1275 835 de
1288 813 1328 836 eo
1340 802 1482 835 memini
1495 803 1619 846 legere,

257 861 323 894 nisi
351 860 443 903 apud
470 858 666 892 Notkerum
692 858 880 891 Balbulum
905 858 942 890 in
967 857 1231 902 Martyrologio,
1263 858 1323 901 qui
1352 866 1389 890 V.
1415 857 1493 891 idus
1519 857 1619 890 Junii

257 916 514 950 Batthenaeum
533 919 643 953 vocat,
661 918 702 947 ut
719 918 753 946 et
771 913 805 946 S.
820 913 1049 946 Adamannus
1064 913 1186 946 Scotus
1199 913 1258 946 lib.
1274 922 1298 946 1.
1313 912 1417 947 Vitae
1430 912 1465 946 S.
1481 912 1621 946 Colum-

259 972 320 1004 bae
338 982 412 1014 cap.
432 980 504 1004 ΧΠ.
531 971 589 1003 lib.
610 979 652 1002 11.
676 980 749 1013 cap.
775 978 865 1002 xm.
889 969 948 1002 lib.
974 978 1034 1002 111.
1058 980 1131 1012 cap.
1154 977 1257 1002 xxn.
1281 974 1315 1003 et
1338 978 1411 1012 cap.
1436 977 1535 1002 xxx.
1561 968 1622 1001 ubi

261 1027 505 1070 Baiphenaeus
535 1026 673 1060 dicitur.
737 1024 916 1058 Arnoldus
945 1024 1063 1058 Uvion
1093 1025 1152 1058 lib.
1184 1033 1242 1058 111.
1273 1024 1380 1070 Ligni
1409 1025 1513 1059 Vitae
1542 1035 1622 1069 pag.

260 1091 433 1116 CCCCXII.
452 1082 684 1125 Batpherium
702 1085 812 1114 vocat.
864 1080 1048 1124 Scripsisse
1066 1080 1177 1114 fertur
1195 1081 1343 1125 eleganti
1362 1082 1464 1125 stylo,

403 1137 495 1170 Acta
512 1137 701 1170 Columbae
720 1136 879 1181 magistri
1134 1136 1193 1169 lib.
1214 1145 1238 1169 1.

404 1193 458 1226 De
476 1193 691 1226 Monasticae
708 1192 812 1225 Vitae
830 1192 951 1225 Laude
1131 1192 1190 1225 lib.
1210 1201 1269 1225 111.

407 1249 639 1282 Enchiridion
658 1249 806 1282 Precum
1134 1247 1194 1281 lib.
1214 1256 1238 1280 1.

310 1306 473 1339 Florebat
490 1316 582 1338 anno
600 1313 708 1337 Dcvl.
727 1305 791 1337 sub
815 1304 971 1346 piissimo
994 1314 1076 1347 rege
1099 1302 1278 1343 Conuallo,
1304 1302 1400 1336 Petri
1426 1302 1622 1336 cathedram

264 1362 395 1395 Romae
414 1361 612 1394 tenentibus
630 1359 821 1393 Bonifaciis
839 1358 908 1392 III.
926 1365 960 1392 et
978 1358 1039 1392 IV.
1078 1358 1100 1391 J
1103 1370 1178 1392 oan.
1198 1358 1362 1392 Leslaeus
1377 1359 1435 1392 lib.
1453 1367 1505 1391 lv,
1527 1358 1620 1391 Hist.

263 1418 385 1451 Scotic.
403 1428 484 1462 pag.
500 1424 594 1449 CLII.
638 1416 775 1449 Colitur
793 1424 828 1449 V.
847 1415 870 1448 J
873 1415 957 1448 unii.
1000 1415 1178 1449 Notkerus
1196 1415 1365 1449 Balbulus
1383 1416 1420 1448 in
1439 1414 1622 1458 Martyrol.

740 1585 775 1618 S.
802 1583 1013 1618 BEANUS.
1066 1586 1146 1618 124.

265 1700 299 1732 S.
332 1699 499 1732 BEANUS
530 1697 798 1730 Murthlacensis
833 1697 870 1729 in
904 1696 1018 1730 Scotia
1050 1697 1184 1740 primus
1218 1697 1374 1735 antistes,
1410 1707 1498 1739 quae
1529 1696 1625 1728 sedes

264 1755 498 1788 Aberdoniam
517 1758 636 1797 postea
653 1753 832 1791 translata,
857 1753 951 1796 quod
978 1753 1092 1786 locum
1116 1753 1266 1796 priorem
1290 1752 1383 1785 Dani
1407 1752 1626 1785 delevissent.

268 1811 314 1843 H.
333 1810 501 1843 Boethius
517 1810 576 1842 lib.
592 1818 647 1842 xl.
670 1807 762 1841 Hist.
778 1808 900 1841 Scotic.
920 1819 999 1853 pag.
1020 1817 1228 1841 CCXXXXV.
1248 1812 1268 1827 ‘⁶
1282 1808 1473 1841 Murthlaci
1491 1818 1628 1841 sacrum

266 1867 511 1911 magistratum
531 1866 686 1898 omnium
704 1864 838 1907 primus
855 1865 963 1908 gessit
982 1864 1130 1902 Beanus,
1154 1864 1209 1896 vir
1232 1864 1359 1907 pietate
1382 1868 1416 1897 et
1434 1864 1628 1897 eruditione

269 1922 427 1967 insignis,
452 1922 543 1954 inter
568 1921 678 1959 divos,
709 1920 769 1953 sed
792 1920 925 1963 aliquot
945 1924 1023 1963 post
1051 1930 1171 1957 annos,
1198 1918 1362 1952 relatus.’'
1410 1919 1505 1952 Eum
1536 1918 1629 1952 Usu-

270 1979 344 2010 ardi
363 1977 616 2021 Martyrologio
634 1976 759 2020 adjecit
777 1986 819 2008 ex
837 1976 950 2008 codice
967 1979 1083 2008 vetere
1096 1975 1331 2018 manuscripto
1347 1974 1500 2008 Joannes
1519 1974 1629 2008 Mola-

270 2044 347 2071 nus,
366 2038 471 2075 atque
489 2033 538 2065 ita
556 2032 757 2064 memoriam
776 2031 851 2074 ejus
875 2030 1022 2063 celebrat
1046 2030 1340 2075 Martyrologium
1365 2030 1563 2064 Romanum
1587 2031 1630 2063 ad

271 2090 360 2122 diem
374 2087 681 2121 xthecembris:
697 2086 942 2120 “Aberdoniae
952 2086 990 2118 in
1002 2085 1172 2118 Hibernia
1183 2085 1216 2118 S.
1230 2086 1340 2119 Beani
1352 2087 1532 2130 episcopi.‘’
1557 2086 1630 2119 Du-

270 2143 587 2188 plexcompilatoris
595 2152 705 2181 err0r3
719 2153 800 2175 nam
811 2152 922 2185 neque
928 2141 1146 2175 Aberdoniae
1158 2142 1280 2175 civitas
1291 2142 1328 2175 in
1337 2142 1517 2181 Hibernia,
1524 2142 1582 2175 sed
1594 2143 1631 2174 in

272 2200 397 2238 Scotia,
410 2204 513 2242 portu
524 2198 630 2231 maris
642 2198 831 2236 commodo,
844 2203 877 2231 et
889 2198 1062 2230 academia
1074 2197 1352 2231 celebratissima.
1377 2197 1488 2241 Notat
1500 2197 1631 2241 Philip-

274 2267 339 2299 pus
352 2255 533 2288 Ferrarius
545 2254 815 2292 Alexandrinus,
827 2254 1102 2292 mathematicus,
1112 2254 1242 2287 ordinis
1254 2253 1441 2287 Servorum
1451 2254 1632 2298 generalis,

274 2313 310 2344 in
329 2310 575 2356 Topographia
592 2310 635 2343 ad
653 2309 948 2355 Martyrologium
964 2308 1173 2343 Romanum.
1210 2308 1332 2353 Neque
1345 2309 1402 2343 ille
1415 2308 1635 2343 Aberdoniae
