1861 2682
658 241 830 273 GENTIS
855 242 1126 280 SCOTORUM,
1151 243 1239 274 LIB.
1264 244 1307 274 11.
1622 248 1658 279 71

297 331 370 365 Deo
384 332 566 371 faciebant,
580 333 708 367 scilicet
722 332 820 373 Euo,
835 334 1037 374 Bertuinus,
1052 334 1255 380 Eloquius.''
1289 336 1426 380 Scripta
1438 337 1658 373 interierunt.

346 387 640 433 peregrinabatur
668 400 760 423 anno
790 397 897 424 DCLI.
935 390 1105 435 Sigebert.
1141 392 1347 426 Sanctorum
1381 393 1458 427 albo
1488 395 1659 438 ascriptus

295 444 420 478 colitur
437 444 492 477 die
513 453 568 478 xl.
588 444 808 479 Novembris.
862 446 1026 481 Molanus
1045 448 1088 480 ad
1107 448 1400 494 Martyrologium
1420 449 1585 483 Usuardi.

723 557 757 591 S.
784 557 1097 593 BONIFACIUS.
1148 562 1225 593 130.

295 666 330 700 S.
350 667 602 702 BONIFAcms
620 669 753 704 Scotus.
773 670 944 704 Trithem.
964 672 1023 705 lib.
1044 682 1085 706 11.
1103 673 1145 706 de
1163 673 1238 707 Vir.
1257 674 1363 708 illust.
1383 675 1469 708 Ord.
1493 675 1529 709 S.
1549 676 1657 710 Bene-

292 723 375 757 dicti
394 735 468 768 cap.
488 733 602 758 XXIV.
623 730 643 744 ⁶⁶
658 726 860 760 Bonifacius
879 738 922 760 ex
939 729 1107 762 monacho
1124 730 1259 772 primus
1284 730 1562 775 archiepiscopus
1580 733 1655 766 Mo-

291 781 461 823 guntinus
476 781 616 814 natione
629 782 786 816 Scotus.''
811 783 860 816 Et
875 784 933 817 lib.
950 793 1008 818 111.
1024 796 1097 828 cap.
1113 794 1221 819 CLXI.
1245 791 1265 805 ⁶⁶
1278 786 1500 820 Bonifacium
1514 787 1656 822 Scotum

291 836 335 869 ad
360 837 477 870 sedem
504 837 812 883 Moguntinensem
839 841 1016 874 ordinavit
1043 841 1232 886 Gregorius
1259 854 1359 886 papa.
1390 843 1611 877 Bonifacium
1638 858 1656 877 e

292 891 479 926 Britannia
491 895 686 928 venientem
699 896 897 939 episcopum
908 898 1116 931 consecrat.”
1141 897 1192 931 Et
1202 899 1245 931 ad
1257 910 1336 932 ann.
1351 908 1524 933 DCCXLV.
1539 906 1656 934 antea:

293 953 313 967 ‘⁶
331 948 530 983 &Vinfridus
548 950 660 984 dictus
679 951 874 984 Frisiorum
893 953 1081 995 apostolis,
1100 954 1254 987 coenobii
1278 954 1462 989 Fuldensis
1479 955 1655 996 fundator,

290 1010 325 1038 et
338 1005 471 1048 primus
486 1005 691 1051 Moguntiae
705 1007 1014 1052 archiepiscopus.’'
1050 1009 1218 1054 Sigebert.
1234 1009 1452 1045 Gemblacen.
1468 1013 1511 1045 ad
1525 1024 1655 1046 annum

291 1069 470 1094 Dccxvn.
500 1066 520 1081 ⁶⁶
539 1061 636 1095 Idem
661 1063 937 1107 archiepiscopus
964 1064 1170 1110 Moguntiae
1196 1067 1398 1100 coenobium
1422 1067 1595 1102 Fuldense
1619 1070 1655 1102 in

289 1116 463 1149 Bocconia
479 1119 579 1161 sylva
597 1118 753 1152 fundat.’'
790 1119 950 1164 Denique
963 1121 1007 1153 ad
1021 1133 1150 1155 annum
1165 1124 1267 1156 salut.
1284 1131 1450 1157 DCCLIII.
1478 1129 1499 1143 “
1514 1124 1656 1158 Bonifa-

289 1173 361 1205 cius
379 1172 415 1204 in
435 1172 550 1205 Frisia
567 1173 610 1206 ab
628 1174 777 1208 inimicis
796 1175 874 1208 fidei
893 1187 971 1209 cum
990 1178 1091 1211 sociis
1110 1179 1182 1211 suis
1200 1180 1460 1223 martyrizatur,
1475 1186 1509 1214 et
1522 1181 1558 1214 in
1573 1182 1656 1215 Ful-

287 1228 331 1260 da
357 1227 531 1266 coenobio,
557 1229 650 1271 quod
676 1230 750 1272 ipse
774 1231 812 1262 in
838 1230 1033 1276 Thoringia
1058 1232 1231 1273 fundavit,
1256 1234 1442 1269 honorifice
1460 1238 1655 1272 tumulaba-

288 1284 376 1322 tur‚'’
399 1284 504 1328 legati
522 1295 543 1316 a
560 1284 667 1317 latere
685 1285 796 1318 officio
818 1286 971 1320 functus.
1020 1288 1154 1322 Anton.
1174 1289 1352 1324 Possevin.
1373 1296 1455 1325 tom.
1476 1301 1500 1326 1.
1518 1293 1651 1337 Appar.

287 1338 383 1373 Sacri
400 1350 480 1384 pag.
499 1348 664 1373 CCXLIX.

338 1395 550 1441 Sigebertus,
568 1401 608 1430 ut
626 1397 759 1430 dictum
774 1402 836 1437 est,
850 1398 1063 1433 Britannum
1078 1400 1171 1441 facit,
1186 1406 1221 1436 et
1234 1407 1274 1436 ut
1288 1402 1446 1447 Raphael
1459 1405 1654 1450 Maphaeus

288 1451 506 1486 Volaterran.
533 1453 592 1486 lib.
620 1462 704 1487 XIV.
730 1465 810 1500 pag.
838 1464 1008 1489 ccccxx.
1039 1466 1074 1491 et
1103 1458 1259 1502 plerique
1284 1460 1365 1500 alii3
1397 1472 1503 1505 quare
1528 1462 1650 1508 Angli,

287 1513 326 1542 ut
349 1509 471 1547 solent,
497 1509 608 1542 civem
633 1520 736 1543 suum
761 1511 895 1545 faciunt
919 1523 1029 1556 usque
1054 1514 1149 1553 adeo,
1174 1519 1214 1548 ut
1239 1516 1276 1548 in
1302 1515 1557 1563 Martyrologio
1583 1518 1654 1553 Ro-

285 1575 388 1597 mano
415 1565 470 1598 die
501 1573 537 1598 V.
567 1564 667 1598 Junii
698 1567 834 1600 dicatur
863 1579 907 1601 ex
932 1567 1066 1614 Anglia
1090 1571 1250 1612 venisse;
1282 1573 1330 1606 ibi
1357 1574 1449 1607 enim
1475 1575 1651 1615 educatus,

286 1631 356 1653 non
391 1626 506 1660 natus,
542 1632 623 1654 nam
659 1621 800 1656 Scotum
836 1624 969 1658 faciunt
1004 1626 1160 1660 historici
1196 1633 1378 1668 nostrates,
1411 1635 1446 1664 et
1474 1636 1652 1674 praeterea

286 1676 495 1710 VVilhelmus
515 1677 626 1717 Heda,
650 1678 706 1712 .Ῐο.
726 1690 746 1712 a
764 1679 866 1720 Beca,
888 1680 1020 1715 Anton.
1048 1682 1271 1724 Possevinus,
1296 1685 1352 1718 vir
1377 1686 1467 1729 pius,
1494 1692 1528 1720 et
1553 1689 1650 1731 poly-

285 1732 408 1772 histor,
434 1737 517 1766 tom.
543 1742 567 1766 1.
594 1734 730 1778 Appar.
749 1736 845 1770 Sacri
863 1748 941 1782 pag.
961 1746 1154 1772 CCCLxm.
1207 1740 1352 1774 Hieron.
1382 1742 1502 1776 Platus
1528 1744 1588 1777 lib.
1608 1752 1649 1777 11.

287 1788 373 1822 Stat.
394 1789 507 1834 Relig.
527 1801 600 1833 cap.
621 1799 721 1824 xxx.
750 1796 771 1810 ‘⁶
789 1792 991 1826 Bonifacius
1010 1794 1216 1829 Germaniae
1234 1799 1421 1841 apostolus,
1440 1800 1553 1842 patria
1570 1800 1650 1833 Sco-

286 1845 373 1877 tus.''
423 1845 621 1880 Eucharius
648 1847 809 1893 Sangius‚
834 1848 1135 1895 lVirceburgensis
1154 1852 1404 1897 suffraganeus,
1423 1854 1590 1888 Oratione
1608 1857 1650 1890 de

286 1899 528 1935 Translatione
551 1901 595 1935 B.
620 1903 791 1937 Macharii
815 1905 865 1938 sic
888 1906 1039 1939 evincit:
1066 1911 1087 1925 ‘⁶
1105 1907 1306 1942 Macharius
1330 1910 1498 1943 oriundus
1521 1910 1646 1951 Scotia,

285 1966 354 1988 non
379 1962 564 1999 postrema,
592 1959 651 1992 sed
676 1960 785 1993 nobili
811 1962 997 1995 admodum
1024 1962 1175 2007 Magnae
1202 1964 1407 1999 Britanniae
1433 1972 1541 2010 parte,
1573 1970 1645 2011 qui,

286 2011 426 2045 Victore
444 2014 604 2055 pontifice
622 2016 774 2050 maximo
796 2018 839 2050 ad
861 2019 997 2051 clavum
1021 2020 1170 2059 sedente,
1195 2025 1235 2054 ut
1251 2020 1406 2055 Annales
1429 2023 1559 2058 habent
1584 2024 1648 2058 Ec-

284 2068 476 2106 clesiastici‚
502 2074 536 2102 et
561 2076 721 2105 constans
746 2074 919 2118 majorum
945 2075 1098 2115 traditio,
1127 2087 1217 2110 anno
1242 2088 1348 2121 supra
1373 2079 1647 2114 ducentesimum

284 2123 398 2162 tertio,
417 2123 616 2159 Christiana
632 2137 728 2160 sacra
745 2129 930 2172 suscepit.’'
980 2131 1090 2165 Paulo
1112 2138 1202 2176 post,
1226 2134 1317 2168 facta
1340 2146 1418 2169 cum
1436 2137 1512 2170 aliis
1530 2138 1646 2182 regnis

285 2180 551 2222 comparatione,
578 2182 695 2215 addit:
722 2188 744 2202 ⁶⁶
761 2184 860 2218 Citra
881 2186 1087 2230 jactantiam
1113 2189 1252 2223 inanem
1278 2191 1320 2224 de
1343 2191 1458 2226 Scotia
1476 2193 1645 2226 affirmare

282 2246 478 2278 possumus,
498 2242 644 2270 matrem
664 2243 738 2271 tum
757 2241 1066 2283 sanctissimorum,
1092 2249 1168 2278 tum
1191 2246 1469 2281 doctissimorum
1490 2249 1645 2282 virorum

283 2290 390 2325 fuisse
404 2291 719 2328 foecundissimam.
748 2294 864 2329 Testis
879 2296 913 2330 S.
929 2296 1142 2341 Bonifacius‚
1156 2302 1339 2337 universae
1353 2303 1424 2337 fere
1438 2303 1643 2338 Germaniae
