1861 2682
254 265 294 294 40
625 265 850 299 HISTORIA
874 266 1236 298 ECCLESIASTICA

257 356 419 390 instituta
435 367 513 390 cum
531 356 666 390 infestis
683 357 790 390 armis
808 357 924 390 omnia
944 357 1184 390 obsiderentur
1207 358 1245 391 in
1268 357 1380 396 Italia,
1407 367 1470 390 nec
1493 362 1609 391 tutum

256 417 344 446 esset
362 416 455 445 terra
472 416 533 445 aut
549 413 637 445 mari
655 413 732 451 iter,
751 411 843 444 Pisis
861 412 1028 445 substitit.
1078 412 1225 455 Scripsit

400 467 507 500 Gesta
537 467 745 500 Pisanorum
775 467 834 500 lib.
866 476 891 500 1.
921 467 1070 512 eleganti
1100 478 1215 500 versu.
1272 467 1419 500 Initium
1445 469 1606 511 poemati,

444 523 536 566 quod
554 523 590 555 in
607 533 730 555 manus
749 534 841 556 meas
859 522 934 555 MS.
951 533 1032 555 casu
1050 522 1191 556 Genuae
1209 523 1316 562 venit,
1333 523 1383 556 sic
1399 534 1435 556 se
1453 524 1557 557 habet
1572 533 1580 556 τ

548 601 662 629 Pisanas
675 601 756 633 acies,
773 601 855 628 Latio
868 600 994 628 victricia
1007 605 1066 628 toto

546 647 634 674 Arma
647 656 724 677 cano,
738 646 912 682 invictasque
925 651 998 673 rates
1012 645 1119 673 oriente
1132 646 1255 678 subacto,

545 692 627 726 Quae
641 697 768 719 sanctum
783 691 898 719 Domini
912 700 1022 718 rursum
1036 700 1177 719 asseruere
1191 691 1379 729 sepulchrum,

544 737 731 774 Captivosque
744 737 848 765 iterum
862 737 967 764 duxere
981 737 1010 764 in
1025 736 1117 764 vincla
1130 742 1272 774 tyrannos,

545 782 659 810 Viribus
673 782 763 810 annisi
778 783 933 810 Mahometi
947 782 1112 819 extinguere
1125 787 1238 810 sectam.

301 855 451 888 Vivebat
468 865 558 887 anno
577 862 756 887 Mcccvn.
799 853 925 898 Cogito
942 854 984 886 de
1001 865 1040 887 eo
1057 854 1274 897 publicando,
1288 856 1389 898 plura
1402 855 1493 888 enim
1508 865 1551 888 ex
1565 866 1605 887 eo

253 912 294 943 de
312 911 413 944 rebus
430 910 523 944 illius
541 910 661 953 populi
679 920 783 953 quam
802 910 893 953 apud
911 920 1029 943 omnes
1048 910 1192 943 Pisanos
1210 910 1325 944 didici.

714 1076 1030 1110 ARNULPHUS.
1082 1076 1137 1110 61.

249 1190 509 1228 ARNULPHUS,
530 1188 714 1221 Melrosiae
732 1188 847 1228 abbas,
868 1199 958 1221 unus
977 1199 1019 1222 ex
1044 1188 1168 1233 legatis
1192 1188 1253 1231 qui
1270 1189 1419 1222 Romam
1444 1188 1539 1221 missi
1559 1190 1602 1221 ad

250 1245 500 1278 absolutionem
524 1255 544 1277 a
562 1243 671 1277 Lucio
697 1254 786 1287 papa
807 1245 989 1286 petendam
1008 1254 1071 1286 pro
1088 1243 1186 1287 Rege
1203 1243 1251 1276 W
1252 1243 1403 1282 ilhelmo,
1428 1254 1531 1287 quem
1551 1255 1603 1276 sa-

249 1301 314 1333 cris
362 1300 590 1333 interdixerat
636 1299 795 1343 Rogerus
841 1299 1117 1341 archiepiscopus
1163 1298 1406 1338 Eboracensis,
1452 1299 1601 1332 Romam

249 1355 422 1399 profectus
453 1356 583 1388 bullam
614 1354 826 1396 impetravit.
869 1353 963 1387 Eum
994 1354 1199 1396 prudentem
1227 1358 1261 1386 et
1290 1354 1478 1388 discretum
1502 1360 1600 1387 vocat

250 1412 409 1456 Rogerus
427 1411 469 1443 de
488 1410 656 1443 Hoveden
673 1409 802 1442 Annal.
822 1421 894 1453 par.
915 1418 938 1442 1.
957 1420 1036 1454 pag.
1056 1417 1184 1442 CCCLI.
1235 1408 1380 1452 Scripsit
1403 1409 1490 1443 nihil
1508 1410 1599 1452 quod

248 1472 351 1500 extet.

294 1522 422 1555 Orator
439 1522 631 1555 destinatus
650 1529 868 1554 MCLXXXII.

703 1631 1030 1665 ALEXANDER.
1083 1630 1138 1665 62.

248 1747 513 1779 ALEXANDER
531 1745 628 1778 ducis
646 1743 816 1777 Albaniae
834 1743 935 1781 filius,
961 1742 1081 1776 Jacobi
1108 1742 1156 1776 11.
1182 1752 1362 1786 pronepOS,
1388 1743 1492 1776 abbas
1518 1743 1597 1776 Sco-

245 1814 309 1835 nae
338 1802 500 1844 primum,
531 1811 569 1833 ac
597 1811 678 1834 mox
708 1799 887 1832 Moraviae
916 1799 1106 1841 episcopus.
1167 1798 1236 1831 Hic
1269 1809 1339 1831 non
1372 1799 1487 1831 minus
1521 1800 1595 1843 regi

245 1869 307 1890 suo
341 1857 594 1901 consanguineo
628 1866 730 1899 quam
765 1855 860 1887 Julio
896 1854 941 1887 ΙΙ.
976 1854 1128 1897 pontifici
1163 1854 1371 1892 carissimus,
1410 1864 1431 1886 a
1468 1855 1593 1896 quibus

245 1913 460 1957 gravissimis
494 1911 656 1954 Europae
689 1911 837 1955 negotiis
871 1910 1113 1952 componendis
1146 1910 1313 1947 addictus,
1347 1913 1479 1942 tantam
1513 1921 1595 1954 gra-

247 1968 376 2005 vitatis,
410 1968 561 2010 pietatis,
596 1966 810 2010 prudentiae,
848 1970 882 1998 et
919 1965 1119 1998 literaturae
1157 1965 1384 1998 constantiam
1425 1965 1593 2003 exhibuit,

243 2030 283 2056 ut
309 2023 395 2055 nulli
421 2023 498 2064 plus
525 2022 657 2061 Italiae,
685 2026 789 2064 atque
815 2021 898 2052 adeo
924 2020 1082 2053 ecclesiae
1108 2020 1304 2053 Catholicae
1329 2031 1397 2063 pax
1423 2025 1457 2053 et
1482 2021 1594 2065 digni-

243 2084 307 2116 tas,
341 2077 549 2110 turbulentis
584 2076 762 2109 Gallorum
800 2080 834 2108 et
872 2075 1130 2119 Aragoniorum
1169 2076 1326 2118 procellis
1366 2076 1498 2118 sopitis,
1537 2076 1592 2109 ‹le-

242 2135 341 2171 beat;
368 2143 447 2165 nam
474 2143 536 2175 pro
562 2143 642 2176 rege
659 2136 775 2164 orator
797 2131 839 2163 ad
858 2130 1019 2164 carolum
1038 2129 1140 2163 VIII.
1165 2130 1297 2164 Galliae
1320 2141 1436 2175 regem
1454 2130 1590 2169 missus,

242 2190 391 2222 multum
430 2187 595 2221 momenti
633 2187 791 2220 attulisse
833 2187 928 2219 visus
969 2191 1021 2218 est
1062 2186 1266 2219 nutantibus
1308 2185 1591 2229 tumentibusque

241 2246 278 2278 in
303 2244 446 2287 Europa
470 2243 583 2276 rebus.
634 2242 701 2275 Sed
727 2242 888 2275 audiatur
911 2241 1109 2275 Ludovicus
1135 2241 1425 2275 Guicchiardinus
1451 2241 1510 2274 lib.
1535 2250 1588 2273 lx.

243 2306 262 2319 ‘⁶
280 2299 347 2343 Spe
365 2300 456 2343 pacis
473 2299 623 2337 turbata,
642 2298 781 2332 decessu
799 2297 946 2341 episcopi
965 2296 1096 2337 Gurcii,
1115 2298 1193 2331 licet
1209 2297 1365 2341 pontifex
1389 2297 1486 2330 illum
1511 2296 1588 2329 sub-
