1861 2682
613 285 784 318 GENTIS
808 283 1079 322 SCOTORUM,
1102 283 1189 315 LIB.
1210 284 1254 315 11.
1562 284 1621 313 103

405 378 576 412 Homilias
1175 376 1234 409 lib.
1255 385 1279 408 1.

306 435 403 469 Obiit
420 445 510 469 anno
529 442 718 468 mccxxn.
773 432 986 468 Scotichron.
1005 432 1064 466 lib.
1084 440 1140 465 lx.
1158 442 1232 476 cap.
1252 440 1413 466 xxxvn.

593 545 876 580 GILBERTUS
901 543 1147 578 BROUNUS.
1199 546 1279 577 184.

256 658 487 692 GILBERTUS
505 658 680 698 Bromius,
700 657 864 692 Coenobii
882 657 975 691 Novi
993 657 1030 690 in
1047 656 1163 691 Scotia
1175 657 1291 691 abbas.
1332 656 1373 690 Id
1386 668 1447 691 rex
1460 668 1612 692 avuncu-

257 715 289 747 lo
314 725 390 748 meo
416 713 588 748 Gulielmo
613 713 767 753 Leslaeo‚
793 724 961 758 equorum
986 724 1129 747 suorum
1152 713 1334 757 praefecto,
1358 713 1448 748 dono
1471 715 1612 748 dederat

255 780 333 803 cum
352 770 561 803 investitura
577 769 768 815 singulari3
788 774 824 803 at
837 780 916 803 cum
933 771 977 804 ad
994 770 1100 815 hujus
1113 780 1237 803 manus
1251 770 1456 810 devenisset,
1471 771 1614 804 titulum

256 826 520 859 ecclesiasticum
551 825 640 858 mira.
668 825 827 859 libertate
855 826 1032 866 restituit;
1070 837 1140 870 quo
1170 825 1309 859 nomine
1338 837 1359 859 a
1387 826 1613 869 praefervidis

254 880 427 914 Sathanae
456 881 627 915 ministris
656 881 863 926 exagitatus,
892 882 1076 925 probitatis
1105 892 1188 915 suae
1216 892 1344 925 poenas
1373 882 1469 916 dedit
1498 884 1611 917 exilio.

254 936 456 980 scripserat,
473 942 535 971 aut
552 938 668 971 verius
685 938 722 970 in
739 947 848 970 unum
866 947 991 980 corpus
1008 942 1280 976 coacervaverat,

398 993 523 1037 Capita
541 993 639 1026 Fidei
656 997 887 1032 controversa,
905 1003 993 1037 quae
1005 993 1171 1029 sectarius
1184 993 1343 1027 minister
1354 994 1377 1027 J
1380 1005 1456 1028 oan.
1473 995 1613 1030 Welshe

446 1050 677 1095 impugnavit,
691 1049 750 1083 lib.
770 1057 795 1082 1.

400 1105 595 1139 Historiam
613 1106 760 1139 labentis
776 1106 814 1139 in
831 1104 946 1139 Scotia
963 1105 1157 1151 Religionis
1175 1104 1372 1139 Catholicae
1390 1106 1449 1141 lib.
1469 1116 1493 1140 1.

301 1160 399 1194 Obiit
428 1160 590 1194 Lutetiae
616 1162 744 1204 inopia,
775 1172 815 1195 ea
840 1162 1045 1195 claritudine
1070 1161 1225 1206 indigna,
1251 1172 1343 1196 anno
1370 1171 1531 1197 MDcxn.
1558 1166 1612 1197 die

255 1224 338 1249 xlv.
358 1215 458 1249 Maii.

583 1311 875 1346 RICHARDUS
899 1312 1146 1347 BROUNUS.
1198 1315 1278 1348 185.

255 1384 491 1418 RICHARDUS
508 1384 685 1425 Brounus,
705 1385 892 1428 superioris
910 1396 1027 1429 nepos,
1045 1389 1080 1419 et
1097 1385 1191 1418 exilii
1209 1396 1332 1425 comeS,
1349 1386 1508 1422 Lutetiae
1522 1391 1609 1423 serio

255 1441 353 1473 bonis
372 1441 505 1474 artibus
522 1440 691 1474 incubuit.
741 1440 887 1485 Scripsit

395 1495 634 1535 Additionem,
652 1501 713 1531 aut
729 1496 968 1540 Appendicem
987 1498 1030 1531 ad
1047 1498 1164 1542 patrui
1184 1497 1389 1538 Historiam,
1407 1500 1466 1533 lib.
1487 1509 1509 1533 1.

300 1551 398 1585 Obiit
416 1551 576 1585 Lutetiae
593 1562 684 1586 anno
703 1561 892 1586 MDexvn.

695 1663 763 1698 JO.
790 1663 1037 1700 BROUNUS.
1089 1666 1167 1701 186.

252 1777 314 1811 Jo.
340 1777 544 1817 BROUNUS,
563 1778 844 1824 religiosissimus
868 1778 1110 1819 Minimorum‚
1134 1791 1222 1824 quos
1239 1785 1375 1820 vocant,
1398 1782 1530 1816 ordinis
1549 1784 1612 1816 sub

252 1834 367 1867 Sancti
391 1833 567 1867 Francisci
593 1834 635 1867 de
661 1833 771 1867 Paula
796 1835 928 1880 regula,
956 1836 1124 1875 sacerdos,
1149 1837 1279 1870 multos
1305 1848 1369 1880 pro
1394 1837 1460 1871 fide
1478 1839 1610 1872 labores

252 1900 444 1933 perpessus,
469 1890 624 1934 inopiam
649 1901 688 1924 ac
713 1891 858 1924 carceris
884 1891 977 1935 apud
1002 1902 1082 1925 suos
1108 1893 1290 1936 populares
1319 1894 1548 1938 ignominiam
1579 1901 1613 1928 et

254 1946 420 1979 sustinuit
452 1957 522 1980 non
555 1947 660 1980 semel
693 1945 841 1986 fortiter,
871 1952 906 1980 et
935 1948 1066 1991 sprevit
1097 1959 1232 1992 semper
1261 1949 1420 1994 gloriose,
1452 1952 1612 1996 egregius

253 2000 384 2034 Christi
407 2002 517 2041 miles,
542 2002 721 2037 haereseos
743 2003 954 2046 professores
978 2004 1155 2038 multoties
1172 2015 1287 2038 coram
1304 2005 1529 2045 confundens,
1548 2006 1612 2040 Ca-

254 2056 399 2090 tholicae
416 2068 537 2091 causae
554 2059 737 2092 veritatem
754 2060 911 2093 asseruit.
963 2059 1109 2104 Scripsit
1125 2061 1261 2095 erudite

395 2112 450 2146 De
466 2113 772 2147 Benedictionibus
790 2124 862 2148 ΧΠ.
882 2115 1163 2151 Patriarcharum
1218 2118 1278 2152 lib.
1298 2127 1322 2152 1.

400 2168 531 2202 Contra
547 2168 569 2201 J
572 2169 698 2203 udaeos
716 2170 759 2204 de
778 2170 951 2205 Trinitate
1220 2175 1280 2208 lib.
1301 2184 1325 2208 1.

398 2224 452 2258 De
470 2224 711 2258 Incarnatione
1221 2230 1279 2264 lib.
1301 2240 1324 2264 ῐ.

398 2279 452 2313 De
470 2280 638 2314 Adventu
656 2280 804 2314 Messiae
1221 2286 1280 2320 lib.
1302 2295 1326 2319 1.

396 2335 450 2369 De
467 2335 579 2370 Beata
599 2335 742 2382 Virgine
1219 2342 1277 2375 lib.
1298 2350 1321 2375 1.
