1861 2682
313 243 374 272 280
687 242 912 274 HISTORIA
936 241 1298 272 ECCLESIASTICA

319 334 420 367 Gent.
439 334 586 379 Anglor.
605 346 678 377 cap.
700 342 786 366 XIX·
812 338 831 351 ‘⁶
850 333 939 365 Erat
963 333 1018 364 vir
1037 333 1102 365 iste
1123 333 1164 364 de
1181 332 1396 364 nobilissimo
1415 331 1595 365 Scotorum
1614 344 1672 377 ge-

319 401 408 429 nere,
427 391 486 423 sed
504 392 605 435 longe
628 390 744 422 animo
767 388 915 420 nobilior
937 398 1042 431 quam
1066 388 1199 420 carne.”
1251 386 1304 419 De
1329 387 1363 419 S.
1388 387 1550 425 Fursaeo,
1574 389 1672 432 cujus

320 446 411 478 hunc
437 450 594 479 nostrum
622 445 728 478 fuisse
754 444 896 476 fratrem
919 447 1039 486 postea
1065 443 1227 482 ostendit,
1254 443 1312 475 sed
1336 440 1532 475 Fallanum
1551 448 1671 477 vocat:

319 507 339 521 “
356 502 411 534 cui
430 502 623 534 animarum
644 511 760 533 curam
780 504 814 531 et
833 500 1032 532 monasterii
1050 505 1168 532 sancto
1193 500 1378 532 admodum
1402 499 1478 531 viro
1501 500 1671 542 reliquit,'’

318 562 358 590 ut
384 558 538 600 loquitur
564 556 727 599 anonymi
754 555 904 587 auctoris
934 556 1101 597 scriptum
1131 555 1314 587 recitatum
1344 566 1364 587 a
1394 554 1496 587 Surio
1530 560 1613 587 tom.
1647 564 1670 587 Ι.

317 612 389 645 Vit.
418 612 479 645 SS.
507 621 589 644 XVI.
616 611 787 644 Jannarii.
850 610 1144 654 Martyrologium
1174 610 1372 644 Romanum
1402 621 1471 643 non
1501 611 1669 643 meminit.

317 668 461 711 Scripsit
479 679 560 700 vero

459 723 630 767 Regulam
650 722 901 755 Monachorum
1230 721 1289 754 lib.
1310 730 1334 753 1.

362 779 462 812 Vixit
479 790 570 811 anno
590 788 678 811 Del..
696 783 737 811 ut
755 779 896 821 quidam
915 778 1059 815 volunt3
1080 777 1138 809 alii
1157 777 1307 820 priorem
1326 777 1550 816 contendunt,
1569 778 1669 810 collo-

314 840 429 868 cantes
446 846 524 868 eum
543 836 579 867 in
597 845 688 867 anno
707 842 850 866 DXCIII.
869 838 909 866 ut
927 833 1137 878 Sigebertus.

510 947 544 979 S.
574 944 881 979 FRIDELINUS
908 954 996 978 SIVE
1022 944 1336 978 WINFREDUS.
1388 946 1471 977 515.

314 1060 347 1093 S.
368 1059 633 1096 FRIDELINUS,
653 1058 892 1101 Sequanorum
911 1057 1097 1099 apostolus,
1122 1055 1356 1100 iVolfgangus
1375 1055 1503 1088 Lazius
1522 1056 1666 1098 praefat.

313 1116 353 1148 de
371 1115 516 1160 Migrat.
545 1114 647 1147 Gent.
675 1125 746 1151 seu,
774 1117 814 1145 ut
841 1113 898 1145 alii
926 1117 1061 1151 vocant,
1090 1116 1110 1130 ‘⁶
1128 1111 1341 1149 Fridolinus‚
1369 1111 1549 1144 Scotorum
1577 1113 1666 1156 regis

312 1171 442 1204 filius:'’
461 1172 548 1203 male
566 1171 699 1203 Anton.
721 1169 899 1202 Possevin.
920 1174 1003 1201 tom.
1020 1177 1044 1200 Ι.
1060 1167 1192 1210 Appar.
1212 1167 1304 1200 Sacr.
1323 1178 1402 1211 pag.
1423 1176 1533 1200 DXVI.
1555 1173 1574 1185 “
1589 1168 1667 1200 Sco-

311 1233 426 1260 torum
457 1228 548 1271 regis
578 1226 706 1259 filium”
735 1226 907 1268 appellat:
939 1225 982 1257 ob
1010 1224 1211 1267 religiosum
1236 1224 1479 1267 peregrinandi
1512 1224 1665 1256 studium

310 1294 499 1327 cognomen
518 1283 548 1315 ei
567 1282 721 1314 fecerunt
745 1279 888 1318 Viator,·
914 1281 979 1313 nisi
1006 1280 1118 1317 fallor,
1144 1278 1325 1323 Dongardi
1351 1287 1451 1311 XLII.
1477 1279 1579 1318 filius,
1610 1280 1665 1312 vel

312 1339 463 1372 Conrani
492 1347 585 1371 XLV.
616 1338 719 1381 regis.
762 1337 863 1369 Joan.
891 1336 1054 1369 Leslaeus
1079 1335 1138 1368 lib.
1167 1343 1219 1367 IV.
1247 1346 1325 1379 pag.
1353 1343 1494 1367 CXLIII.
1539 1335 1665 1367 Petrus

311 1395 528 1438 Cratepolius
559 1395 594 1426 in
629 1393 746 1436 Episc.
778 1393 984 1425 Germaniae
1014 1402 1092 1435 pag.
1126 1399 1207 1423 LXI.
1239 1391 1287 1423 ait
1317 1391 1416 1422 illum
1445 1391 1665 1435 Augustanis

311 1451 528 1495 evangelium
571 1449 795 1493 praedicasse,
838 1460 876 1481 ac
918 1448 1040 1480 deinde
1084 1446 1331 1479 Glaronensem
1375 1447 1542 1488 populum
1587 1447 1665 1479 reli-

311 1507 413 1551 gione
447 1505 646 1538 Christiana
685 1505 850 1537 instituit.
918 1504 1092 1541 Mortuus,
1135 1503 1238 1535 etiam
1273 1502 1519 1534 miraculorum
1553 1503 1664 1546 gloria

311 1563 481 1600 illustris;
510 1562 611 1594 vivus
630 1565 746 1593 autem
770 1560 876 1592 bonas
901 1564 991 1592 artes
1015 1559 1074 1591 diu
1100 1559 1137 1591 in
1163 1557 1285 1590 Galliis
1311 1557 1439 1596 docuit,
1464 1562 1505 1590 ut
1530 1557 1666 1601 Gaspar

312 1617 505 1650 Bruscbius
535 1622 666 1649 centur.
699 1626 722 1648 1.
755 1615 1040 1648 Germanicorum
1076 1614 1393 1653 Monasteriorum;
1422 1625 1442 1646 a
1470 1613 1664 1647 Clodovaeo

311 1685 390 1718 rege
424 1673 604 1718 magnifice
639 1673 779 1716 adjutus
813 1671 1016 1704 coenobium
1049 1682 1158 1703 unum
1201 1670 1311 1702 erexit
1353 1669 1541 1707 Pictaviae,
1584 1670 1664 1702 inde

312 1731 403 1763 enim
431 1741 451 1762 a
481 1729 524 1761 D.
557 1728 694 1761 Hilario
725 1728 900 1770 apostolus
927 1727 1132 1765 destinatus,
1158 1731 1198 1759 ut
1227 1727 1301 1758 loco
1332 1725 1473 1758 laudato
1503 1736 1582 1769 pag.
1611 1734 1662 1758 VI.

311 1786 409 1819 testis
437 1790 488 1818 est
518 1785 658 1822 Lazius,
690 1793 731 1816 11.
762 1784 797 1816 in
824 1783 945 1827 Belgio
975 1784 1018 1815 ad
1045 1783 1237 1820 Mosellam,
1268 1790 1326 1813 111.
1359 1782 1395 1813 in
1422 1781 1501 1813 altis
1530 1780 1661 1825 Vosagi

311 1842 558 1879 cacuminibus,
598 1850 650 1873 IV.
689 1840 916 1884 Argentinae‚
958 1840 1050 1882 quod
1090 1840 1191 1882 longe
1229 1837 1537 1870 celebratissimum
1572 1838 1662 1870 inco-

311 1899 384 1930 latu
414 1897 475 1930 SS.
506 1896 695 1941 Argobasti
724 1900 757 1928 et
789 1895 970 1932 Florentii,
1000 1900 1103 1936 atque
1134 1894 1237 1926 etiam
1271 1892 1450 1925 Scotorum
1480 1892 1663 1925 monacho-

311 1964 388 1986 rum
420 1953 632 1986 domicilium
663 1951 732 1984 fuit
763 1962 870 1994 usque
900 1951 943 1982 ad
977 1950 1234 1982 subversionem
1263 1948 1402 1990 pietatis
1433 1959 1453 1981 a
1482 1947 1661 1989 Luther03

311 2018 345 2041 v.
375 2009 500 2042 Curiae
531 2008 770 2046 Rhaetiorum,
798 2014 850 2038 vl.
878 2007 915 2038 in
942 2006 1159 2049 Burgundia,
1186 2012 1255 2036 VII.
1279 2004 1323 2036 ad
1351 2004 1515 2036 Rhenum
1539 2015 1559 2036 a
1585 2015 1662 2046 pos·
1711 2016 1716 2019 “

311 2066 394 2098 teris
422 2062 549 2108 Augv'a
575 2061 672 2095 dives
699 2063 841 2100 dictum,
868 2070 954 2093 VIII.
982 2061 1241 2099 monasterium,
1268 2065 1301 2093 et
1322 2060 1443 2092 urbem
1469 2059 1660 2093 aedificavit

311 2120 587 2164 Seckingensem,
607 2119 667 2152 ubi
685 2119 781 2157 obiit,
805 2124 839 2150 et
862 2117 1010 2161 gloriose
1033 2117 1228 2159 requiescit.
1278 2115 1398 2149 Vitam
1424 2116 1498 2159 ejus
1524 2116 1661 2158 scripsit

311 2176 488 2209 Notkerus
507 2175 685 2213 Balbulus,
704 2179 738 2207 et
756 2174 828 2216 ipse
845 2172 904 2205 SS.
924 2178 1068 2204 numero
1093 2172 1274 2214 ascriptus,
1301 2177 1335 2205 et
1353 2171 1541 2204 Baltherus
1559 2171 1661 2203 Seck-

310 2233 461 2276 ingensis
480 2230 678 2268 monachus,
697 2230 932 2271 scriptumque
950 2239 1050 2261 suum
1072 2227 1228 2260 Notkero
1245 2227 1428 2265 dedicavit,
1453 2232 1494 2259 ut
1515 2227 1662 2259 habetur

311 2289 402 2331 apud
423 2287 613 2320 Heuricum
633 2285 812 2318 Canisium
837 2291 919 2317 tom.
940 2293 974 2316 V.
1001 2284 1189 2327 Antiquar.
1216 2283 1371 2316 Lection.
1399 2293 1478 2327 pag.
1500 2290 1659 2314 DCCXVI.
