1861 2682
236 253 297 281 204
610 251 834 283 HISTORIA
859 251 1221 283 ECCLESIASTlCA

264 380 269 385 .
383 344 499 377 Vitam
520 344 553 376 S.
574 343 683 376 Beani
702 342 926 374 antecessoris
945 343 999 374 sui
1156 343 1213 374 lib.
1235 352 1258 374 1.

286 401 432 433 Sedebat
453 411 543 432 anno
570 407 670 430 MXL.
698 397 776 435 Quo
799 397 854 429 <lie
878 398 1010 429 colatur
1036 407 1105 429 non
1130 397 1340 436 observavit,
1368 402 1404 430 at
1429 401 1593 432 memoria

239 457 312 500 ejus
343 457 397 489 die
428 465 513 488 XXI.
544 454 638 498 Aug.
671 454 819 486 colitur:
852 461 920 484 VII.
947 452 1042 496 Aug.
1069 458 1102 485 et
1133 461 1216 485 XVI.
1246 452 1399 496 ejusdem
1429 455 1594 497 reliquiae

237 513 434 545 translatae.

696 606 730 638 S.
757 603 1003 637 DONATUS.
1055 606 1134 640 371.

239 682 272 714 S.
292 681 486 713 DONATUS
505 679 679 715 diaconus,
703 677 791 709 alius
812 676 855 708 ab
881 676 1039 718 episcopo
1066 675 1248 715 Fesulano,
1266 677 1378 709 socius
1396 678 1593 721 peregrina-

236 736 340 769 tionis
364 746 402 767 ac
425 733 586 776 martyrii
613 733 647 765 S.
676 732 819 770 Kiliani,
843 742 914 764 una
939 742 1017 764 cum
1043 731 1197 770 Gassone,
1224 732 1386 770 Arnuali,
1413 732 1591 770 Colonato,

235 794 263 825 si
282 792 364 824 fides
382 790 539 823 habenda
556 789 601 821 sit
619 798 793 831 anonymo
811 787 978 819 monacho
996 791 1095 820 eruto
1119 798 1138 819 a
1162 787 1368 820 bibliotheca
1391 788 1591 821 monasterii

235 847 365 881 ordinis
382 845 665 878 Praedicatorum
683 842 890 881 Aichstadii,
914 853 1018 886 quem
1044 848 1126 876 tom.
1147 851 1198 876 IV.
1225 842 1414 886 Antiquar.
1434 842 1590 876 Lection.

235 915 313 948 pag.
327 909 499 935 DCXLIII.
514 900 706 944 publicavit
721 899 894 932 Henricus
908 898 1086 938 Canisius;
1106 899 1165 931 sed
1178 903 1356 942 suspectus
1367 899 1424 932 ille
1441 898 1526 931 mihi
1542 904 1593 932 est

234 960 392 1002 scriptor,
411 957 503 1001 quod
521 956 737 990 communior
755 956 800 988 sit
821 955 1046 988 scribentium
1070 955 1197 998 opinio,
1223 955 1308 988 duos
1336 960 1471 989 tantum
1497 956 1592 988 illius

232 1015 393 1058 martyrii
411 1014 552 1047 comites
571 1012 699 1052 fuisse3
719 1013 778 1045 sed
797 1012 911 1055 potuit
928 1011 1001 1043 fieri
1019 1016 1059 1044 ut
1076 1012 1192 1054 plures
1210 1010 1351 1050 fuerint,
1366 1012 1437 1055 qui,
1455 1011 1498 1044 ab
1516 1011 1592 1043 aliis

233 1071 361 1109 omissi,
379 1071 422 1103 ab
440 1070 503 1103 hoc
520 1072 766 1101 memorentur.
818 1067 876 1099 Tu
894 1067 983 1100 vide.
1034 1067 1179 1110 Scripsit

377 1126 430 1159 De
449 1125 732 1170 Peregrinatione
750 1123 883 1156 Kiliani
903 1123 1060 1168 magistri
1200 1123 1258 1156 lib.
1280 1132 1303 1155 1.

281 1183 416 1216 Claruit
436 1193 527 1215 anno
545 1189 773 1214 DCLXXXIX.

731 1292 766 1326 S.
792 1291 960 1325 DAVID.
1013 1294 1092 1327 372.

234 1409 267 1440 S.
288 1408 433 1445 DAvm,
448 1406 628 1439 Scotorum
643 1416 714 1444 rex,
735 1405 844 1448 “jure
862 1405 952 1436 inter
969 1403 1068 1435 divos
1086 1404 1319 1440 numeratus‚''
1337 1404 1386 1436 ait
1402 1404 1449 1437 H.
1466 1405 1590 1437 Boeth.

233 1464 292 1497 lib.
313 1472 368 1496 XI.
397 1462 530 1495 Histor.
558 1472 637 1506 pag.
656 1469 800 1494 CCXLV.
829 1459 1004 1492 Malcolmi
1032 1459 1098 1491 III.
1126 1470 1168 1491 ex
1194 1459 1228 1491 S.
1258 1459 1459 1504 Margareta
1485 1460 1587 1499 filius,

234 1520 331 1553 varia
347 1518 488 1552 fortuna
506 1528 583 1550 cum
601 1516 728 1561 Anglis
748 1517 874 1549 bellum
892 1515 999 1559 gessit
1016 1524 1079 1558 pro
1098 1514 1362 1554 Northumbria,
1386 1517 1485 1560 cujus
1511 1517 1590 1549 hae-

232 1576 348 1608 redem
363 1575 399 1607 in
412 1584 557 1606 uxorem
575 1573 722 1606 duxerat
735 1582 744 1611 ς
764 1572 822 1605 sed
836 1581 953 1614 pacem
972 1575 1091 1613 postea
1104 1571 1320 1613 aequissimis
1334 1572 1589 1605 conditionibus

233 1631 324 1669 fecit,
344 1635 378 1663 et
395 1629 609 1662 sanctissime
625 1628 752 1661 factam
769 1627 966 1660 custodivit.
1005 1626 1202 1669 Pauperum
1220 1637 1351 1665 causas,
1370 1638 1413 1659 ne
1432 1639 1451 1660 a
1468 1632 1588 1670 poten-

233 1686 379 1719 tioribus
403 1685 569 1729 injuriose
594 1684 881 1727 opprimerentur,
905 1683 978 1725 ipse
996 1682 1231 1726 cognoscebat.
1283 1682 1498 1715 Monasteria
1517 1688 1590 1715 toto

233 1753 339 1786 regno
356 1752 460 1774 censu
478 1751 516 1773 ac
533 1740 702 1773 reditibus
720 1739 901 1782 ampliavit
918 1739 1122 1781 ditavitque,
1142 1747 1224 1771 XIV.
1251 1739 1293 1770 de
1310 1749 1400 1771 novo
1417 1738 1589 1777 fundavit,

233 1807 441 1840 censumque
466 1795 668 1839 assignavit,
696 1803 749 1827 IV.
776 1794 992 1837 episcopatus
1018 1794 1183 1832 instituit,
1210 1804 1354 1838 regnum
1373 1795 1466 1837 pacis
1488 1795 1587 1827 bene-

233 1854 308 1887 ficio
326 1852 607 1886 florentissimum
627 1851 788 1884 reddidit.
840 1850 1004 1883 Meminit
1027 1850 1112 1894 ejus,
1140 1854 1180 1882 ut
1203 1854 1299 1892 puto,
1326 1849 1369 1882 D.
1390 1850 1588 1883 Bernardus

234 1911 269 1942 in
287 1909 371 1942 Vita
398 1908 438 1941 D.
463 1908 665 1940 Malachiae.
716 1906 769 1939 De
792 1918 842 1945 eo,
866 1911 973 1948 patre,
991 1910 1111 1942 matre,
1130 1904 1248 1943 fratre,
1269 1904 1589 1938 Malmesburiensis

232 1966 291 1998 lib.
311 1974 346 1997 v.
367 1970 386 1983 ⁵‘
404 1964 526 2006 Neque
543 1974 696 2005 unquam
714 1963 751 1995 in
769 1969 845 1995 acta
861 1961 1086 1994 historiarum
1104 1961 1251 1992 relatum
1275 1965 1336 1998 est,
1360 1965 1476 1993 tantae
1494 1972 1589 1994 sanc-

234 2022 344 2054 titatis
370 2024 440 2052 tres
468 2019 574 2051 fuisse
603 2019 733 2061 pariter
762 2028 870 2062 reges,
896 2020 930 2048 et
955 2015 1080 2048 fratres
1107 2020 1282 2048 maternae
1308 2017 1446 2058 pietatis
1473 2022 1590 2050 nectar

233 2075 458 2109 redolentes.’'
508 2074 567 2106 An
586 2074 718 2116 aliquid
736 2073 921 2116 scripserit,
940 2071 1063 2104 nescio.

282 2132 379 2164 Obiit
407 2130 554 2162 carleoli
586 2140 677 2161 anno
704 2129 802 2172 regni
827 2136 943 2160 XXlx.
967 2128 1069 2160 salut.
1099 2135 1217 2159 MCIH.
1245 2128 1281 2159 in
1308 2127 1403 2160 Petri
1430 2128 1590 2161 cathedra

236 2188 374 2220 sedente
392 2186 552 2230 Eugenio
571 2184 637 2217 III.
664 2185 871 2227 imperatore
898 2183 1057 2216 Conrado
1083 2182 1150 2216 ΠΙ.
1177 2182 1390 2216 Francorum
1414 2194 1493 2228 rege
1519 2184 1590 2216 Lu-

234 2244 354 2276 ‹lovico
367 2242 517 2286 juniore.
569 2240 771 2274 celebratur
789 2240 954 2272 memoria
973 2247 1027 2271 IX.
1047 2239 1176 2272 calend.
1195 2238 1218 2271 J
1220 2238 1306 2271 unii.
1345 2238 1587 2273 Scotichronic.

234 2299 267 2331 S.
288 2298 448 2330 Andreae
465 2297 524 2330 lib.
545 2306 631 2329 V111.
652 2306 724 2339 cap.
746 2305 768 2328 1.
