1861 2682
249 255 288 283 12
619 255 844 288 HISTORIA
867 255 1229 289 ECCLESIASTICA

249 347 437 379 nasterium
455 345 630 380 Althonis.
681 347 768 381 Late
785 347 967 392 Viguleius
986 348 1151 381 Hundius
1168 349 1206 381 in
1223 349 1409 391 Metropoli
1436 349 1597 384 Salzbur-

251 402 360 446 gensi.
387 407 407 421 ‘⁶
422 402 556 446 Insigni
575 403 705 436 virtute
722 404 835 443 vivus,
854 404 1029 436 miraculis
1046 403 1228 437 defunctus
1242 405 1396 437 claruit.''
1421 403 1600 442 Arnoldus

250 457 367 490 Uvion
384 458 420 490 in
441 458 612 501 adjunctis
630 458 673 490 ad
690 458 748 491 lib.
769 467 827 491 111.
845 458 924 503 Lig.
944 458 1047 491 Vitae
1065 469 1144 503 pag.
1164 467 1351 492 DecccuI.
1403 459 1547 503 Scripsit

391 512 573 555 Speculum
592 512 781 546 Charitatis
1062 514 1121 546 lib.
1141 522 1165 546 1.

393 568 553 611 Hymnos
571 568 612 601 de
630 568 764 601 Sanctis
1061 569 1120 602 lib.
1141 577 1165 601 Ι.

392 624 637 656 Ordinationes
655 623 864 657 Claustrales
1064 624 1122 657 lib.
1143 633 1168 657 1.

294 679 456 712 Florebat
473 689 563 711 anno
582 687 668 711 Dec.
687 683 748 711 aut
764 680 867 721 paulo
885 679 1016 712 serius:
1042 680 1180 722 quando
1205 681 1362 719 excessit,
1379 691 1449 714 non
1466 681 1594 714 inveni.

247 734 502 779 Wingartensis
531 734 719 766 monachus
745 734 804 766 lib.
833 734 875 766 de
900 734 1068 777 Guelphis
1095 735 1326 779 Principibus,
1352 736 1388 768 in
1414 735 1596 775 Ethicone,

247 801 325 834 pag.
344 798 512 822 CLXXXI.
563 788 698 822 Colitur
716 797 784 821 vlt.
804 789 969 823 Februar.
989 799 1025 823 V.
1043 790 1140 835 Aug.

679 900 713 934 S.
739 900 1054 936 ARNULPHUS.
1108 905 1163 935 12.

250 1015 283 1047 S.
309 1013 568 1051 ARNULPHUS,
592 1013 758 1046 Metensis
782 1014 973 1056 episcopus,
997 1014 1096 1057 cujus
1120 1013 1400 1046 commemoratio
1417 1018 1468 1046 est
1486 1014 1530 1047 ab
1546 1025 1598 1047 ec-

247 1069 348 1102 clesia
370 1069 538 1102 honorata
555 1070 610 1102 die
633 1078 715 1101 XVI.
740 1069 905 1113 Augusti,
931 1073 950 1087 ‘⁶
968 1070 1150 1101 sanctitate
1169 1070 1272 1106 vitae,
1299 1072 1333 1100 et
1350 1069 1596 1102 miraculorum

246 1125 356 1169 gloria
372 1124 528 1163 illustris,
548 1125 757 1157 eremiticam
776 1125 884 1156 vitam
903 1124 1054 1161 dilexit,'’
1072 1124 1121 1156 ait
1134 1123 1315 1156 Usuardus
1333 1123 1596 1168 Martyrologio.

246 1180 356 1213 Extat
372 1179 458 1212 liber
477 1180 568 1222 apud
586 1179 717 1211 Bedam
744 1184 826 1212 tom.
846 1188 904 1211 111.
930 1179 971 1211 de
995 1180 1070 1223 ejus
1093 1179 1279 1217 miraculis,
1304 1183 1338 1211 et
1362 1179 1468 1211 alium
1493 1189 1597 1222 super

246 1236 361 1267 eadem
382 1245 417 1266 re
431 1235 568 1277 scripsit
582 1234 707 1267 Joann.
723 1235 895 1267 Molanus.
944 1234 1117 1266 Francisc.
1134 1233 1298 1266 Rozieres
1313 1238 1395 1266 tom.
1411 1242 1470 1266 111.
1486 1234 1596 1267 Stem-

245 1297 326 1323 mat.
347 1290 552 1334 Lotharing.
571 1301 644 1332 cap.
663 1298 791 1322 XLVII.
811 1289 926 1322 Trith.
945 1289 1004 1321 lib.
1024 1298 1082 1322 111.
1107 1288 1183 1322 Vir.
1203 1289 1312 1322 illust.
1330 1289 1415 1322 Ord.
1433 1288 1468 1321 S.
1487 1289 1598 1322 Bene-

244 1347 325 1378 dicti
343 1357 416 1388 cap.
436 1354 579 1377 Lxxxx.

250 1414 253 1416 ·
296 1401 435 1433 Scotum
462 1401 540 1434 licet
563 1411 710 1440 censere,
735 1401 825 1443 quod
855 1401 962 1433 frater
989 1401 1034 1433 ¹sit
1065 1400 1100 1432 S.
1128 1399 1325 1432 Wendelini
1349 1400 1452 1433 Scoti.
1479 1400 1597 1433 Uvion

245 1456 300 1489 lib.
319 1465 377 1489 111.
395 1467 473 1500 pag.
493 1464 677 1488 CCCXLVI.
697 1455 924 1494 Trithemius,
944 1456 1100 1494 Locrius,
1119 1456 1189 1492 alii,
1207 1455 1308 1487 idem.

292 1512 426 1544 Claruit
443 1522 533 1544 anno
553 1520 675 1544 Dcxx.
727 1511 816 1544 Vide
834 1522 940 1554 supra
956 1511 1019 1544 hoc
1038 1511 1126 1544 libro
1143 1511 1179 1543 in
1196 1509 1231 1543 S.
1250 1508 1497 1544 Adamanmes.

703 1623 736 1655 S.
764 1622 1024 1655 ALCUINUS.
1077 1624 1133 1655 13.

246 1735 279 1767 S.
310 1733 529 1772 ALCUINUS,
564 1734 640 1766 aliis
673 1733 880 1772 Alchuinus,
914 1734 1020 1778 vulgo
1052 1732 1203 1766 Albinus
1237 1738 1463 1777 cognomento
1496 1733 1592 1767 Flac-

244 1800 314 1828 cus,
340 1790 442 1832 quod,
472 1794 513 1822 ut
544 1789 712 1822 Horatius
742 1789 896 1827 Flaccus,
926 1790 1042 1832 lyricis
1072 1789 1308 1827 delectaretur,
1339 1789 1592 1822 eruditissimus

243 1855 465 1887 summusque
491 1845 725 1887 philosophus.
776 1844 903 1877 Donat.
922 1844 1116 1876 Acciaiolus
1135 1843 1288 1876 Floreat.
1307 1845 1343 1876 in
1369 1843 1453 1876 Vita
1477 1844 1591 1877 Caroli

243 1901 365 1944 Magni
390 1900 433 1932 ad
459 1900 571 1932 finem.
623 1900 752 1932 Beatus
776 1900 969 1942 appellatur
994 1911 1013 1931 a
1039 1898 1232 1931 Flodoardo
1258 1898 1392 1931 Histor.
1420 1899 1590 1933 Rhemen-

244 1956 290 1988 sis
308 1955 366 1988 lib.
384 1965 439 1988 111.
458 1966 531 1997 cap.
551 1963 637 1987 XXI.
686 1955 832 1987 Sanctus
855 1954 989 1992 colitur,
1008 1954 1163 1986 Arnoldo
1180 1952 1317 1986 Uvione
1339 1959 1435 1993 teste,
1453 1955 1512 1988 lib.
1532 1964 1590 1987 111.

244 2010 347 2054 Lign.
367 2009 468 2043 Vitae
487 2021 565 2054 pag.
585 2018 747 2042 Decem.
766 2015 800 2042 et
817 2009 875 2041 lib.
894 2017 931 2041 v.
954 2020 1026 2051 cap.
1046 2017 1112 2041 cu.
1162 2008 1297 2041 Colitur
1313 2010 1367 2042 die
1386 2018 1471 2042 mx.
1491 2010 1589 2047 Maii.

246 2065 339 2098 Idem
358 2076 436 2109 pag.
455 2074 608 2098 CLXVII.
659 2065 727 2097 Hic
752 2075 842 2097 unus
867 2069 919 2096 est
945 2075 987 2096 ex
1012 2065 1055 2096 iis
1080 2075 1166 2107 quos
1191 2063 1346 2097 Achaius
1372 2076 1432 2097 rex
1458 2064 1590 2098 Scotiae

243 2123 285 2154 ad
307 2121 469 2153 Carolum
496 2120 665 2165 Magnum
692 2130 769 2152 cum
795 2119 901 2152 fratre
927 2119 1098 2152 Gulielmo
1123 2120 1160 2152 in
1187 2118 1334 2151 Galliam
1352 2120 1458 2159 misit,
1478 2121 1590 2153 omnis

242 2176 412 2219 politioris
445 2176 649 2208 eruditionis
682 2179 929 2218 praeceptores.
969 2174 1082 2207 Erant
1120 2175 1156 2207 hi
1194 2175 1375 2214 Alcuinus,
1413 2175 1589 2213 Rabanus,

244 2232 411 2269 Clemens,
449 2236 484 2264 et
511 2230 684 2270 Joannes;
723 2241 869 2273 quorum
905 2231 973 2262 duo
1010 2231 1139 2273 priores
1175 2230 1383 2263 academiam
1418 2230 1589 2263 Parisien-

244 2297 325 2325 sem,
359 2287 511 2331 ejusdem
541 2286 632 2330 regis
665 2285 899 2319 munificentia
932 2286 1096 2324 dotatam,
1130 2286 1263 2330 legibus
1296 2285 1497 2324 fundarunt,
1530 2296 1588 2328 po-
