1861 2682
268 261 307 289 44-
635 260 859 291 HISTORIA
882 260 1244 292 ECCLESIASTICA

747 404 853 438 ARN
855 404 1028 438 ALDUS.
1080 403 1137 441 67.

269 518 492 550 ARNALDUS
522 516 556 549 S.
582 515 743 549 Andreae
768 516 957 559 episcopus,
985 516 1077 548 vitae
1101 515 1337 554 sanctimonia,
1364 516 1618 561 prudentiaque

270 573 362 606 civili
380 574 501 611 clarus,
520 577 560 605 ut
577 572 682 605 verba
699 572 875 614 scriptoris
893 571 991 614 probi
1009 581 1185 614 usurpem.
1235 570 1326 614 Ejus
1344 576 1396 604 est

413 627 466 660 De
484 633 576 660 recto
598 627 712 670 Regni
735 626 929 670 Regimine‚
952 627 995 659 ad
1018 627 1241 659 Malcolmum
1260 625 1323 660 IV.
1350 626 1493 672 Regem,
1515 629 1573 661 lib,
1592 637 1618 661 Ι.

318 683 479 716 Florebat
504 693 593 715 anno
621 690 746 714 Mcnx.
798 681 930 714 Hector
955 681 1123 714 Boethius
1148 680 1207 714 lib.
1239 689 1329 714 X111.
1361 681 1495 715 Histor.
1526 682 1617 716 Scot-

270 750 348 784 pag.
367 747 528 772 CCLXIX.
580 737 689 770 Index
707 737 894 769 Sconanus.

748 847 1028 881 ARNALDUS.
1079 846 1136 880 68.

271 961 496 994 ARNALDUS
514 960 712 994 Mailrosiae
735 960 850 998 abbas,
875 970 938 1003 ego
959 960 1073 992 nescio
1097 970 1141 993 an
1158 959 1248 992 idem
1268 969 1346 992 cum
1363 958 1559 1002 Arnulpho,
1577 960 1620 992 de

272 1028 340 1059 quo
363 1028 477 1059 supra,
503 1020 714 1049 memoratur
739 1016 775 1047 in
800 1015 909 1047 literis
935 1014 1035 1047 Lucii
1062 1014 1127 1047 111.
1154 1014 1337 1057 pontificis,
1362 1013 1503 1047 Velitris
1527 1015 1618 1047 datis

272 1081 354 1105 XVI.
372 1073 501 1105 calend.
519 1071 633 1114 April.
652 1071 743 1113 apud
767 1070 944 1113 Rogerum
968 1070 1008 1102 de
1033 1069 1202 1102 Hoveden
1227 1069 1355 1102 Annal.
1380 1080 1453 1112 par.
1473 1078 1514 1103 11.
1538 1080 1619 1114 pag.

272 1136 397 1160 eccm.
447 1127 581 1169 Scripta
599 1126 735 1168 penitus
754 1125 829 1157 aevi
847 1125 978 1168 injuria
994 1125 1181 1167 perierunt.

318 1182 455 1215 Floruit
471 1193 562 1214 anno
581 1189 847 1214 MCLXXXXIII.

735 1290 769 1323 S.
796 1289 1041 1323 ADWINUS.
1093 1289 1150 1327 69.

271 1404 306 1437 S.
324 1403 519 1436 ADWINUS
536 1408 570 1436 et
588 1403 766 1447 Turgotus
784 1401 953 1440 monachi,
978 1402 1027 1434 ait
1050 1401 1207 1445 Rogerus
1231 1401 1272 1433 de
1297 1400 1465 1434 Hoveden
1487 1401 1616 1435 Annal.

272 1470 345 1502 par.
366 1468 406 1491 11.
425 1470 502 1503 pag.
523 1467 688 1491 CCXLIII.
708 1459 766 1501 qui
786 1462 868 1490 tunc
887 1457 1015 1489 Melros
1033 1467 1200 1499 pauperes
1223 1456 1325 1489 rebus
1350 1461 1384 1489 et
1407 1457 1531 1499 spiritu
1554 1468 1619 1500 pro

272 1514 411 1547 Christo
428 1514 606 1558 degebant,
625 1514 748 1545 intima
765 1518 981 1555 peccatorum
1006 1512 1216 1545 confessione
1238 1512 1441 1556 magnisque
1458 1513 1618 1546 lamentis

272 1570 416 1602 crimina
433 1570 621 1612 expiantes.
672 1568 827 1611 Scripsit,
846 1567 1009 1600 Forduno
1027 1572 1175 1605 auctore,

417 1624 622 1667 Catalogum
648 1623 825 1656 Abbatum
853 1623 1145 1655 Mailrosiensium
1171 1622 1229 1655 lib.
1253 1631 1278 1655 1.
1328 1622 1429 1661 Quod
1455 1633 1552 1666 opus,
1577 1628 1617 1656 ut

459 1680 569 1712 multa
586 1680 663 1717 alia,
681 1679 843 1711 haeretici
862 1678 959 1721 impii
977 1688 1087 1721 nuper
1103 1678 1337 1712 aboleverunt.

413 1734 466 1767 De
482 1734 663 1778 Dignitate
680 1733 813 1766 Altaris
1225 1733 1284 1766 lib.
1305 1742 1329 1766 1.

318 1790 479 1823 Florebat
496 1801 586 1823 anno
604 1798 812 1822 Dececmv.

773 1899 998 1934 AIULFUS.
1051 1904 1105 1938 70.

269 2013 448 2045 AIULFUS
474 2013 620 2045 decanus
648 2012 689 2044 de
715 2012 903 2050 Lodoneio,
929 2015 990 2044 aut
1015 2010 1207 2050 Lodonero,
1233 2016 1446 2045 memoratur
1470 2013 1613 2056 epistola

269 2067 402 2100 Urbani
420 2067 487 2100 ΙΙΙ.
506 2067 677 2110 pontificis
695 2067 824 2109 scripta
839 2066 997 2099 Veronae
1014 2067 1058 2099 ad
1080 2077 1195 2111 regem
1220 2066 1353 2100 Scotiae
1376 2067 1614 2107 WVilhelmum,

267 2127 300 2156 et
318 2123 354 2154 in
372 2123 439 2155 alia
455 2123 608 2166 ejusdem
626 2122 770 2165 epistola
787 2122 830 2154 ad
852 2121 875 2153 J
877 2122 1045 2154 ocelinum
1070 2121 1312 2155 Glascuensem
1336 2123 1527 2156 antistitem
1549 2123 1614 2156 ibi-

267 2178 344 2211 dem
369 2178 506 2220 scripta‚
532 2182 572 2209 ut
598 2181 746 2210 testatur
771 2176 929 2221 Rogerus
954 2178 996 2210 de
1022 2177 1191 2211 Hoveden
1215 2177 1344 2211 Annal.
1367 2189 1441 2221 par.
1465 2187 1506 2211 11.
1532 2189 1610 2223 pag.

269 2241 450 2267 ceceLXI.
501 2232 645 2275 Scripsit
1425 2257 1429 2261 .

410 2288 480 2321 Pro
505 2288 618 2322 Causa
642 2286 787 2321 Joannis
813 2286 977 2331 Episcopi
1003 2287 1259 2322 Dunkeldensis
1284 2297 1402 2322 contra
1426 2287 1613 2333 Hugonem
