1861 2682
605 240 776 273 GENTIS
801 237 1072 276 SCOTORUM,
1096 237 1184 270 LIB.
1206 238 1281 270 VII.
1568 236 1630 267 309

271 336 425 370 Lection.
443 345 530 379 quas
549 333 596 367 H.
616 333 777 367 Canisius
795 331 998 377 publicavit.
1049 330 1197 374 Scripsit

415 391 475 425 Ad
493 391 653 424 Boiarios
673 389 847 423 Homilias
1138 387 1197 421 lib.
1217 394 1242 419 1.

318 448 454 481 Claruit
472 458 562 481 anno
581 454 735 480 DCXXX.
754 450 814 479 aut
833 445 979 478 circiter.

691 557 726 590 S.
754 555 1069 590 GUNIFORTIS.
1121 557 1204 591 575.

271 670 305 704 S.
319 670 584 709 GUN1F0nT18‚
595 670 810 703 nobilissimo
822 670 895 702 loco
907 672 1022 709 natus,
1034 669 1072 702 in
1084 667 1188 702 Italia
1200 665 1501 711 peregrinabatur,
1516 664 1631 698 Theo-

272 728 370 760 dosio
389 726 578 760 Mediolani
596 731 731 771 agente,
757 731 791 758 et
809 725 852 758 ab
869 724 1064 758 infidelibus
1082 728 1215 768 captus,
1240 723 1447 768 sagittisque
1465 721 1632 760 confixus,

272 782 388 815 Ticini
406 783 608 826 exspiravit,
626 783 686 815 ubi
705 792 828 825 corpus
847 781 982 814 duabus
1005 781 1036 814 ei
1054 781 1196 814 structis
1213 779 1364 813 ecclesiis
1383 788 1511 822 magna
1527 778 1632 810 mira-

271 840 428 871 culorum
446 839 556 883 gloria
575 842 785 871 asservatur.
836 836 927 870 Acta
944 848 1014 870 non
1032 837 1115 875 vidi,
1134 836 1194 869 sed
1211 835 1349 879 publica
1372 834 1466 867 fama
1491 832 1632 866 Scotum

272 894 365 927 facit.
417 894 554 927 Colitur
580 895 635 927 die
661 903 765 927 XXII.
792 892 960 938 Augusti.
1012 893 1244 937 Martyrolog.
1273 892 1423 925 Roman.
1451 891 1631 925 Mombrit.

273 956 355 983 tom.
376 960 400 983 1.
452 950 589 994 Scripta
606 961 677 983 non
695 955 828 983 extant.

319 1006 457 1039 Floruit
475 1017 566 1040 anno
584 1014 785 1039 ceccxvn.
805 1010 867 1039 aut
884 1005 1033 1039 circiter.
1082 1004 1189 1039 Plura
1206 1004 1244 1038 in
1261 1004 1369 1038 fratre
1387 1015 1451 1038 suo
1468 1014 1634 1049 germano

273 1062 306 1095 S.
327 1061 536 1102 Gunibaldo,
555 1063 656 1107 cujus
674 1062 806 1095 mentio
824 1062 993 1106 sequitur.

685 1173 720 1208 S.
747 1172 1082 1208 GUNIBALDUS.
1134 1172 1217 1210 576.

273 1286 307 1319 S.
321 1285 600 1325 GUNIBALDUS,
612 1286 721 1319 frater
734 1297 921 1331 germanus
936 1285 971 1319 S.
984 1285 1193 1325 Guniffirtis,
1209 1286 1501 1331 peregrinationis
1514 1286 1638 1325 socius,

273 1343 332 1375 sed
346 1342 518 1385 martyrio
533 1342 630 1385 prius
644 1342 846 1380 honoratus,
865 1342 906 1375 de
924 1342 1052 1385 quibus
1069 1342 1155 1375 haec
1172 1346 1254 1375 sunt
1268 1341 1291 1375 J
1293 1342 1390 1376 acobi
1404 1341 1532 1382 Gualli,
1546 1341 1579 1376 J.
1599 1342 1637 1375 C.

274 1399 381 1432 verba
398 1399 435 1431 in
454 1398 661 1431 Sanctuario
676 1397 826 1441 Papiae:
847 1402 867 1416 “
885 1397 1106 1437 Gunifortus,
1125 1397 1260 1432 Scotica
1276 1403 1380 1443 gente
1399 1403 1514 1438 natus,
1532 1398 1640 1432 nobili

273 1466 409 1500 genere,
427 1455 663 1499 giganteoque
681 1465 833 1498 corpore,
852 1465 931 1487 cum
949 1454 1043 1497 apud
1061 1465 1136 1487 eam
1155 1454 1327 1487 Scoticam
1350 1459 1490 1499 gentem
1513 1466 1642 1500 magna

274 1512 406 1545 fureret
435 1511 640 1554 persecutio,
671 1511 806 1554 sibique
834 1515 925 1544 esset
952 1511 1047 1544 cordi
1073 1522 1137 1554 pro
1163 1510 1306 1544 Christo
1334 1512 1434 1550 mori,
1463 1515 1498 1545 et
1528 1512 1638 1544 altum

274 1579 357 1601 suae
383 1568 509 1600 mentis
536 1567 674 1600 arderet
698 1571 832 1606 votum,
858 1567 1014 1610 potentia
1039 1567 1166 1601 nobilis
1192 1578 1274 1600 suae
1300 1567 1454 1600 familiae
1479 1567 1640 1610 impediri

276 1625 419 1662 veritus,
447 1634 525 1656 curn
553 1623 661 1656 fratre
683 1634 747 1656 suo
776 1622 974 1657 Gunibaldo
1000 1635 1039 1657 ac
1065 1624 1199 1657 duabus
1226 1623 1403 1657 sororibus
1429 1624 1584 1667 perrexit
1605 1625 1641 1656 in

275 1679 510 1719 Germaniam,
535 1680 595 1713 ubi
621 1679 815 1712 Christiani
841 1680 948 1712 variis
974 1680 1157 1713 tormentis
1183 1680 1449 1713 occidebantur:
1474 1681 1578 1719 unde,
1602 1685 1642 1713 ut

276 1747 396 1769 eorum
414 1740 535 1769 votnm
560 1736 789 1779 perducerent
814 1736 858 1769 ad
882 1735 1054 1775 effectum,
1082 1735 1215 1769 Christi
1241 1736 1320 1768 fidei
1347 1735 1487 1769 flamma
1511 1737 1643 1770 incensi

277 1803 406 1836 magno
437 1793 564 1835 spiritu
595 1793 692 1825 illam
723 1792 980 1835 praedicabant.
1042 1792 1144 1825 Tunc
1174 1793 1372 1835 capiuntur,
1403 1797 1438 1826 et
1464 1793 1643 1836 suppliciis

277 1848 463 1881 crudeliter
478 1849 681 1887 caeduntur,
696 1849 800 1887 unde,
812 1848 878 1881 Dei
893 1849 1025 1882 virtute
1038 1853 1214 1892 operante,
1229 1850 1411 1882 salvantur
1423 1849 1490 1892 ipsi
1504 1849 1640 1888 fratres,

278 1915 413 1937 sorores
432 1915 526 1943 vero,
545 1916 670 1949 genere
699 1910 733 1937 et
760 1904 872 1938 forma
898 1905 1081 1948 speciosae,
1106 1905 1330 1948 speciosiores
1354 1905 1420 1938 fide
1447 1910 1481 1938 et
1498 1906 1644 1950 virgini-

279 1961 363 1993 tatis
398 1961 483 1999 zelo,
522 1965 686 2003 superata
721 1961 872 1994 feminea
901 1961 1103 2005 fragilitate,
1139 1962 1321 1994 accedente
1354 1962 1460 1994 etiam
1494 1961 1645 1995 fratrum

282 2016 536 2055 exhortatione,
556 2017 663 2049 oculis
682 2028 720 2050 ac
738 2017 898 2050 manibus
925 2017 961 2050 in
988 2019 1121 2050 coelum
1147 2018 1303 2058 intentis,
1331 2017 1514 2051 Christum
1539 2018 1644 2051 confi-

281 2077 404 2111 tentes,
423 2073 666 2105 cruentissima
679 2074 780 2106 caede
799 2074 960 2117 martyrii
978 2075 1130 2117 palmam
1145 2074 1406 2117 adipiscuntur:
1425 2074 1551 2117 quibus
1569 2078 1642 2107 tam

281 2129 388 2172 impie
423 2129 623 2172 peremptis,
659 2128 870 2163 Gunifortus
904 2129 1193 2174 Gunibaldusque
1229 2131 1308 2164 inde
1338 2131 1562 2169 discedentes,
1593 2141 1648 2163 su-

281 2185 411 2227 peratis
445 2184 608 2228 Alpibus,
643 2185 857 2218 descendunt
890 2187 927 2219 in
962 2186 1101 2219 Italiam
1131 2188 1175 2220 ad
1205 2186 1391 2220 Camaram
1425 2198 1535 2230 usque
1564 2187 1646 2219 civi-

282 2245 401 2279 tatem,
419 2240 479 2273 ubi
497 2241 601 2273 etiam
621 2240 813 2274 Christiani
842 2243 1028 2275 crudeliter
1053 2243 1319 2283 mactabantur-3
1351 2248 1434 2276 tunc
1460 2243 1507 2276 ibi
1527 2244 1570 2276 ad
1587 2254 1648 2286 po-

282 2296 404 2338 pulum
431 2296 533 2330 fidem
552 2296 684 2330 Christi
712 2298 781 2330 alta
809 2309 891 2331 voce
917 2299 1039 2332 tollere
1065 2304 1266 2343 coeperunt,
1293 2301 1422 2333 inultos
1449 2300 1553 2332 etiam
1580 2310 1649 2342 quo
