<?xml version="1.0" encoding="UTF-8"?>
<!DOCTYPE html PUBLIC "-//W3C//DTD XHTML 1.0 Transitional//EN"
    "http://www.w3.org/TR/xhtml1/DTD/xhtml1-transitional.dtd">
<html xmlns="http://www.w3.org/1999/xhtml" xml:lang="en" lang="en">
 <head>
  <title>
</title>
<meta http-equiv="Content-Type" content="text/html;charset=utf-8" />
  <meta name='ocr-system' content='tesseract 3.04.00' />
  <meta name='ocr-capabilities' content='ocr_page ocr_carea ocr_par ocr_line ocrx_word'/>
</head>
<body>
  <div class='ocr_page' id='page_1' title='image "./thomaedempsterih00bann_0201.png"; bbox 0 0 1861 2682; ppageno 0'>
   <div class='ocr_carea' id='block_1_1' title="bbox 619 270 1626 308">
    <p class='ocr_par' dir='ltr' id='par_1_1' title="bbox 619 270 1626 308">
     <span class='ocr_line' id='line_1_1' title="bbox 619 270 1626 308; baseline -0.003 -5"><span class='ocrx_word' id='word_1_1' title='bbox 619 271 790 303; x_wconf 88' lang='lat' dir='ltr'>GENTIS</span> <span class='ocrx_word' id='word_1_2' title='bbox 816 270 1087 308; x_wconf 86' lang='lat' dir='ltr'>SCOTORUM,</span> <span class='ocrx_word' id='word_1_3' title='bbox 1113 270 1199 301; x_wconf 91' lang='lat' dir='ltr'>LIB.</span> <span class='ocrx_word' id='word_1_4' title='bbox 1225 270 1287 301; x_wconf 93' lang='lat'><em>111.</em></span> <span class='ocrx_word' id='word_1_5' title='bbox 1569 272 1626 300; x_wconf 77' lang='lat'>131</span> 
     </span>
    </p>
   </div>
   <div class='ocr_carea' id='block_1_2' title="bbox 263 361 1625 745">
    <p class='ocr_par' dir='ltr' id='par_1_2' title="bbox 263 361 1625 745">
     <span class='ocr_line' id='line_1_2' title="bbox 313 361 1625 408; baseline -0.002 -11"><span class='ocrx_word' id='word_1_6' title='bbox 313 366 428 408; x_wconf 82' lang='lat' dir='ltr'>Opera</span> <span class='ocrx_word' id='word_1_7' title='bbox 446 365 503 397; x_wconf 90' lang='lat' dir='ltr'>ille</span> <span class='ocrx_word' id='word_1_8' title='bbox 521 375 583 397; x_wconf 87' lang='lat' dir='ltr'>sua</span> <span class='ocrx_word' id='word_1_9' title='bbox 600 365 755 408; x_wconf 82' lang='lat' dir='ltr'>dispersa</span> <span class='ocrx_word' id='word_1_10' title='bbox 773 364 923 407; x_wconf 89' lang='lat' dir='ltr'>reliquit,</span> <span class='ocrx_word' id='word_1_11' title='bbox 942 374 1031 406; x_wconf 82' lang='lat' dir='ltr'>quae</span> <span class='ocrx_word' id='word_1_12' title='bbox 1048 363 1239 406; x_wconf 88' lang='lat' dir='ltr'>publicavit</span> <span class='ocrx_word' id='word_1_13' title='bbox 1257 361 1430 400; x_wconf 83' lang='lat' dir='ltr'>Asterius,</span> <span class='ocrx_word' id='word_1_14' title='bbox 1450 368 1490 395; x_wconf 87' lang='lat' dir='ltr'>ut</span> <span class='ocrx_word' id='word_1_15' title='bbox 1508 363 1625 395; x_wconf 86' lang='lat' dir='ltr'>docuit</span> 
     </span>
     <span class='ocr_line' id='line_1_3' title="bbox 265 417 1623 453; baseline -0.002 0"><span class='ocrx_word' id='word_1_16' title='bbox 265 421 319 453; x_wconf 89' lang='lat' dir='ltr'>vir</span> <span class='ocrx_word' id='word_1_17' title='bbox 345 421 564 453; x_wconf 88' lang='lat' dir='ltr'>doctissimus</span> <span class='ocrx_word' id='word_1_18' title='bbox 590 421 740 453; x_wconf 83' lang='lat' dir='ltr'>Jacobus</span> <span class='ocrx_word' id='word_1_19' title='bbox 767 420 971 453; x_wconf 81' lang='lat' dir='ltr'>sirmondus</span> <span class='ocrx_word' id='word_1_20' title='bbox 1001 418 1125 452; x_wconf 84' lang='lat' dir='ltr'>Societ.</span> <span class='ocrx_word' id='word_1_21' title='bbox 1156 418 1241 451; x_wconf 89' lang='lat' dir='ltr'>Jesu</span> <span class='ocrx_word' id='word_1_22' title='bbox 1271 419 1315 451; x_wconf 88' lang='lat' dir='ltr'>ad</span> <span class='ocrx_word' id='word_1_23' title='bbox 1342 417 1481 451; x_wconf 87' lang='lat' dir='ltr'>Ennod.</span> <span class='ocrx_word' id='word_1_24' title='bbox 1511 418 1569 451; x_wconf 89' lang='lat' dir='ltr'>lib.</span> <span class='ocrx_word' id='word_1_25' title='bbox 1600 428 1623 451; x_wconf 89' lang='lat'>1.</span> 
     </span>
     <span class='ocr_line' id='line_1_4' title="bbox 264 475 1625 520; baseline -0.001 -11"><span class='ocrx_word' id='word_1_26' title='bbox 264 478 363 520; x_wconf 83' lang='lat' dir='ltr'>epist.</span> <span class='ocrx_word' id='word_1_27' title='bbox 384 485 497 509; x_wconf 74' lang='lat' dir='ltr'>XXIV.</span> <span class='ocrx_word' id='word_1_28' title='bbox 517 488 558 510; x_wconf 86' lang='lat' dir='ltr'>ex</span> <span class='ocrx_word' id='word_1_29' title='bbox 578 477 652 510; x_wconf 87' lang='lat' dir='ltr'>MS.</span> <span class='ocrx_word' id='word_1_30' title='bbox 672 477 861 510; x_wconf 88' lang='lat' dir='ltr'>Rhemensi</span> <span class='ocrx_word' id='word_1_31' title='bbox 878 477 1002 514; x_wconf 89' lang='lat' dir='ltr'>codice,</span> <span class='ocrx_word' id='word_1_32' title='bbox 1029 476 1089 519; x_wconf 91' lang='lat' dir='ltr'>qui</span> <span class='ocrx_word' id='word_1_33' title='bbox 1113 476 1196 509; x_wconf 87' lang='lat' dir='ltr'>haec</span> <span class='ocrx_word' id='word_1_34' title='bbox 1214 475 1428 519; x_wconf 85' lang='lat' dir='ltr'>praeferebat</span> <span class='ocrx_word' id='word_1_35' title='bbox 1447 486 1454 508; x_wconf 93' lang='lat'>:</span> <span class='ocrx_word' id='word_1_36' title='bbox 1508 480 1528 493; x_wconf 79' lang='lat'>‘⁶</span> <span class='ocrx_word' id='word_1_37' title='bbox 1549 475 1625 508; x_wconf 80' lang='lat' dir='ltr'>Hoc</span> 
     </span>
     <span class='ocr_line' id='line_1_5' title="bbox 265 532 1625 575; baseline 0 -11"><span class='ocrx_word' id='word_1_38' title='bbox 265 543 351 575; x_wconf 89' lang='lat' dir='ltr'>opus</span> <span class='ocrx_word' id='word_1_39' title='bbox 379 532 540 566; x_wconf 78' lang='lat' dir='ltr'>sedulius</span> <span class='ocrx_word' id='word_1_40' title='bbox 572 534 662 566; x_wconf 85' lang='lat' dir='ltr'>inter</span> <span class='ocrx_word' id='word_1_41' title='bbox 688 533 862 566; x_wconf 84' lang='lat' dir='ltr'>chartulas</span> <span class='ocrx_word' id='word_1_42' title='bbox 888 533 1082 575; x_wconf 87' lang='lat' dir='ltr'>dispersum</span> <span class='ocrx_word' id='word_1_43' title='bbox 1106 532 1259 575; x_wconf 87' lang='lat' dir='ltr'>reliquit,</span> <span class='ocrx_word' id='word_1_44' title='bbox 1287 532 1380 575; x_wconf 88' lang='lat' dir='ltr'>quod</span> <span class='ocrx_word' id='word_1_45' title='bbox 1405 532 1625 565; x_wconf 86' lang='lat' dir='ltr'>recollectum</span> 
     </span>
     <span class='ocr_line' id='line_1_6' title="bbox 265 587 1624 634; baseline 0 -13"><span class='ocrx_word' id='word_1_46' title='bbox 265 589 540 632; x_wconf 82' lang='lat' dir='ltr'>adornatumque</span> <span class='ocrx_word' id='word_1_47' title='bbox 559 590 600 622; x_wconf 85' lang='lat' dir='ltr'>ad</span> <span class='ocrx_word' id='word_1_48' title='bbox 619 600 755 622; x_wconf 88' lang='lat' dir='ltr'>omnem</span> <span class='ocrx_word' id='word_1_49' title='bbox 775 589 982 634; x_wconf 78' lang='lat' dir='ltr'>elegantiam</span> <span class='ocrx_word' id='word_1_50' title='bbox 1000 589 1220 632; x_wconf 86' lang='lat' dir='ltr'>divulgatum</span> <span class='ocrx_word' id='word_1_51' title='bbox 1239 592 1291 621; x_wconf 88' lang='lat' dir='ltr'>est</span> <span class='ocrx_word' id='word_1_52' title='bbox 1317 599 1338 620; x_wconf 87' lang='lat' dir='ltr'>a</span> <span class='ocrx_word' id='word_1_53' title='bbox 1363 587 1493 620; x_wconf 88' lang='lat' dir='ltr'>Turcio</span> <span class='ocrx_word' id='word_1_54' title='bbox 1521 587 1624 621; x_wconf 87' lang='lat' dir='ltr'>Rufio</span> 
     </span>
     <span class='ocr_line' id='line_1_7' title="bbox 266 644 1623 688; baseline 0 -12"><span class='ocrx_word' id='word_1_55' title='bbox 266 644 420 684; x_wconf 89' lang='lat' dir='ltr'>Asterio‚</span> <span class='ocrx_word' id='word_1_56' title='bbox 441 653 476 677; x_wconf 70' lang='lat' dir='ltr'>V.</span> <span class='ocrx_word' id='word_1_57' title='bbox 504 654 537 678; x_wconf 88' lang='lat' dir='ltr'>C.</span> <span class='ocrx_word' id='word_1_58' title='bbox 557 645 707 678; x_wconf 86' lang='lat' dir='ltr'>Consule</span> <span class='ocrx_word' id='word_1_59' title='bbox 733 645 919 684; x_wconf 87' lang='lat' dir='ltr'>ordinario,</span> <span class='ocrx_word' id='word_1_60' title='bbox 945 650 980 678; x_wconf 84' lang='lat' dir='ltr'>et</span> <span class='ocrx_word' id='word_1_61' title='bbox 1006 644 1190 678; x_wconf 86' lang='lat' dir='ltr'>Patricio.&#39;&#39;</span> <span class='ocrx_word' id='word_1_62' title='bbox 1240 644 1408 688; x_wconf 81' lang='lat' dir='ltr'>Sequitur</span> <span class='ocrx_word' id='word_1_63' title='bbox 1434 644 1557 677; x_wconf 86' lang='lat' dir='ltr'>deinde</span> <span class='ocrx_word' id='word_1_64' title='bbox 1588 645 1623 677; x_wconf 90' lang='lat' dir='ltr'>in</span> 
     </span>
     <span class='ocr_line' id='line_1_8' title="bbox 263 700 886 745; baseline 0.003 -13"><span class='ocrx_word' id='word_1_65' title='bbox 263 700 380 733; x_wconf 84' lang='lat' dir='ltr'>eodem</span> <span class='ocrx_word' id='word_1_66' title='bbox 401 700 476 734; x_wconf 88' lang='lat' dir='ltr'>MS.</span> <span class='ocrx_word' id='word_1_67' title='bbox 496 701 711 745; x_wconf 82' lang='lat' dir='ltr'><strong>epigramma</strong></span> <span class='ocrx_word' id='word_1_68' title='bbox 729 701 861 734; x_wconf 90' lang='lat' dir='ltr'>Asterii</span> <span class='ocrx_word' id='word_1_69' title='bbox 878 711 886 733; x_wconf 86' lang='lat'>:</span> 
     </span>
    </p>
   </div>
   <div class='ocr_carea' id='block_1_3' title="bbox 479 795 1233 1154">
    <p class='ocr_par' dir='ltr' id='par_1_3' title="bbox 479 795 1233 1154">
     <span class='ocr_line' id='line_1_9' title="bbox 480 795 1133 833; baseline 0 -10"><span class='ocrx_word' id='word_1_70' title='bbox 480 796 576 827; x_wconf 83' lang='lat' dir='ltr'>Sume,</span> <span class='ocrx_word' id='word_1_71' title='bbox 592 804 668 822; x_wconf 85' lang='lat' dir='ltr'>sacer</span> <span class='ocrx_word' id='word_1_72' title='bbox 682 796 799 828; x_wconf 86' lang='lat' dir='ltr'>meritis,</span> <span class='ocrx_word' id='word_1_73' title='bbox 814 796 922 823; x_wconf 82' lang='lat' dir='ltr'>veracia</span> <span class='ocrx_word' id='word_1_74' title='bbox 936 795 1011 823; x_wconf 85' lang='lat' dir='ltr'>dicta</span> <span class='ocrx_word' id='word_1_75' title='bbox 1025 800 1133 833; x_wconf 86' lang='lat' dir='ltr'>poetae,</span> 
     </span>
     <span class='ocr_line' id='line_1_10' title="bbox 517 841 1115 878; baseline 0 -10"><span class='ocrx_word' id='word_1_76' title='bbox 517 842 598 875; x_wconf 86' lang='lat' dir='ltr'>Quae</span> <span class='ocrx_word' id='word_1_77' title='bbox 612 842 672 869; x_wconf 86' lang='lat' dir='ltr'>sine</span> <span class='ocrx_word' id='word_1_78' title='bbox 685 841 812 878; x_wconf 84' lang='lat' dir='ltr'>figmenti</span> <span class='ocrx_word' id='word_1_79' title='bbox 827 841 940 869; x_wconf 66' lang='lat' dir='ltr'>condita</span> <span class='ocrx_word' id='word_1_80' title='bbox 954 847 1021 869; x_wconf 88' lang='lat' dir='ltr'>sunt</span> <span class='ocrx_word' id='word_1_81' title='bbox 1035 842 1115 869; x_wconf 84' lang='lat' dir='ltr'>vitio.</span> 
     </span>
     <span class='ocr_line' id='line_1_11' title="bbox 482 887 1221 924; baseline 0 -10"><span class='ocrx_word' id='word_1_82' title='bbox 482 887 547 922; x_wconf 89' lang='lat' dir='ltr'>Quo</span> <span class='ocrx_word' id='word_1_83' title='bbox 561 893 637 915; x_wconf 85' lang='lat' dir='ltr'>caret</span> <span class='ocrx_word' id='word_1_84' title='bbox 651 887 723 915; x_wconf 82' lang='lat' dir='ltr'>alma</span> <span class='ocrx_word' id='word_1_85' title='bbox 737 887 814 919; x_wconf 84' lang='lat' dir='ltr'>fides,</span> <span class='ocrx_word' id='word_1_86' title='bbox 829 898 884 924; x_wconf 92' lang='lat' dir='ltr'>quo</span> <span class='ocrx_word' id='word_1_87' title='bbox 898 887 986 915; x_wconf 83' lang='lat' dir='ltr'>sancti</span> <span class='ocrx_word' id='word_1_88' title='bbox 999 888 1090 924; x_wconf 84' lang='lat' dir='ltr'>gratia</span> <span class='ocrx_word' id='word_1_89' title='bbox 1104 887 1221 920; x_wconf 77' lang='lat' dir='ltr'>Christi,</span> 
     </span>
     <span class='ocr_line' id='line_1_12' title="bbox 520 933 1067 970; baseline 0 -10"><span class='ocrx_word' id='word_1_90' title='bbox 520 933 573 961; x_wconf 84' lang='lat' dir='ltr'>Per</span> <span class='ocrx_word' id='word_1_91' title='bbox 587 943 670 970; x_wconf 85' lang='lat' dir='ltr'>quam</span> <span class='ocrx_word' id='word_1_92' title='bbox 682 934 776 970; x_wconf 85' lang='lat' dir='ltr'>justus</span> <span class='ocrx_word' id='word_1_93' title='bbox 790 933 830 961; x_wconf 86' lang='lat' dir='ltr'>ait</span> <span class='ocrx_word' id='word_1_94' title='bbox 844 933 911 961; x_wconf 87' lang='lat' dir='ltr'>talia</span> <span class='ocrx_word' id='word_1_95' title='bbox 927 933 1067 961; x_wconf 87' lang='lat' dir='ltr'>Sedulius.</span> 
     </span>
     <span class='ocr_line' id='line_1_13' title="bbox 480 979 1120 1016; baseline 0 -10"><span class='ocrx_word' id='word_1_96' title='bbox 480 980 644 1016; x_wconf 84' lang='lat' dir='ltr'>Asteriique</span> <span class='ocrx_word' id='word_1_97' title='bbox 658 979 701 1007; x_wconf 88' lang='lat' dir='ltr'>tui</span> <span class='ocrx_word' id='word_1_98' title='bbox 715 989 824 1016; x_wconf 79' lang='lat' dir='ltr'><strong>semper</strong></span> <span class='ocrx_word' id='word_1_99' title='bbox 838 980 998 1007; x_wconf 83' lang='lat' dir='ltr'>meminisse</span> <span class='ocrx_word' id='word_1_100' title='bbox 1010 979 1120 1016; x_wconf 83' lang='lat' dir='ltr'>jubeto,</span> 
     </span>
     <span class='ocr_line' id='line_1_14' title="bbox 516 1025 1142 1063; baseline -0.002 -11"><span class='ocrx_word' id='word_1_101' title='bbox 516 1026 605 1062; x_wconf 81' lang='lat' dir='ltr'>Cujus</span> <span class='ocrx_word' id='word_1_102' title='bbox 619 1035 671 1063; x_wconf 87' lang='lat' dir='ltr'>ope</span> <span class='ocrx_word' id='word_1_103' title='bbox 684 1031 714 1053; x_wconf 83' lang='lat' dir='ltr'>et</span> <span class='ocrx_word' id='word_1_104' title='bbox 727 1026 801 1053; x_wconf 90' lang='lat' dir='ltr'>curis</span> <span class='ocrx_word' id='word_1_105' title='bbox 816 1025 926 1053; x_wconf 83' lang='lat' dir='ltr'>reddita</span> <span class='ocrx_word' id='word_1_106' title='bbox 941 1030 1007 1053; x_wconf 87' lang='lat' dir='ltr'>sunt</span> <span class='ocrx_word' id='word_1_107' title='bbox 1021 1025 1142 1062; x_wconf 82' lang='lat' dir='ltr'>populis.</span> 
     </span>
     <span class='ocr_line' id='line_1_15' title="bbox 479 1070 1233 1108; baseline -0.003 -9"><span class='ocrx_word' id='word_1_108' title='bbox 479 1071 560 1105; x_wconf 83' lang='lat' dir='ltr'>Quae</span> <span class='ocrx_word' id='word_1_109' title='bbox 574 1072 700 1108; x_wconf 86' lang='lat' dir='ltr'>quamvis</span> <span class='ocrx_word' id='word_1_110' title='bbox 714 1071 816 1099; x_wconf 89' lang='lat' dir='ltr'>summi</span> <span class='ocrx_word' id='word_1_111' title='bbox 830 1071 972 1099; x_wconf 85' lang='lat' dir='ltr'>celebrent</span> <span class='ocrx_word' id='word_1_112' title='bbox 987 1081 1036 1108; x_wconf 89' lang='lat' dir='ltr'>per</span> <span class='ocrx_word' id='word_1_113' title='bbox 1050 1070 1144 1098; x_wconf 82' lang='lat' dir='ltr'>secula</span> <span class='ocrx_word' id='word_1_114' title='bbox 1157 1071 1233 1102; x_wconf 86' lang='lat' dir='ltr'>fasti,</span> 
     </span>
     <span class='ocr_line' id='line_1_16' title="bbox 515 1117 1219 1154; baseline 0.001 -11"><span class='ocrx_word' id='word_1_115' title='bbox 515 1117 584 1144; x_wconf 90' lang='lat' dir='ltr'>Plus</span> <span class='ocrx_word' id='word_1_116' title='bbox 599 1123 693 1145; x_wconf 89' lang='lat' dir='ltr'>tamen</span> <span class='ocrx_word' id='word_1_117' title='bbox 707 1118 743 1145; x_wconf 81' lang='lat' dir='ltr'>ad</span> <span class='ocrx_word' id='word_1_118' title='bbox 756 1117 890 1145; x_wconf 84' lang='lat' dir='ltr'>meritum</span> <span class='ocrx_word' id='word_1_119' title='bbox 904 1123 956 1150; x_wconf 86' lang='lat' dir='ltr'>est,</span> <span class='ocrx_word' id='word_1_120' title='bbox 972 1117 994 1144; x_wconf 86' lang='lat' dir='ltr'>si</span> <span class='ocrx_word' id='word_1_121' title='bbox 1009 1117 1086 1154; x_wconf 81' lang='lat' dir='ltr'>viget</span> <span class='ocrx_word' id='word_1_122' title='bbox 1100 1127 1146 1144; x_wconf 86' lang='lat' dir='ltr'>ore</span> <span class='ocrx_word' id='word_1_123' title='bbox 1160 1122 1219 1144; x_wconf 88' lang='lat' dir='ltr'>tuo.</span> 
     </span>
    </p>
   </div>
   <div class='ocr_carea' id='block_1_4' title="bbox 256 1204 1621 1920">
    <p class='ocr_par' dir='ltr' id='par_1_4' title="bbox 257 1204 1621 1584">
     <span class='ocr_line' id='line_1_17' title="bbox 308 1204 1620 1248; baseline 0.003 -12"><span class='ocrx_word' id='word_1_124' title='bbox 308 1204 550 1237; x_wconf 83' lang='lat' dir='ltr'>Indubitatum</span> <span class='ocrx_word' id='word_1_125' title='bbox 570 1215 652 1248; x_wconf 86' lang='lat' dir='ltr'>ergo</span> <span class='ocrx_word' id='word_1_126' title='bbox 670 1205 828 1248; x_wconf 91' lang='lat' dir='ltr'>relinquo</span> <span class='ocrx_word' id='word_1_127' title='bbox 846 1205 910 1238; x_wconf 91' lang='lat' dir='ltr'>sub</span> <span class='ocrx_word' id='word_1_128' title='bbox 929 1205 1126 1238; x_wconf 87' lang='lat' dir='ltr'>Theodosio</span> <span class='ocrx_word' id='word_1_129' title='bbox 1146 1204 1305 1248; x_wconf 84' lang='lat' dir='ltr'>Hispano</span> <span class='ocrx_word' id='word_1_130' title='bbox 1323 1206 1423 1238; x_wconf 89' lang='lat' dir='ltr'>illum</span> <span class='ocrx_word' id='word_1_131' title='bbox 1447 1207 1620 1246; x_wconf 85' lang='lat' dir='ltr'>claruisse,</span> 
     </span>
     <span class='ocr_line' id='line_1_18' title="bbox 257 1259 1573 1306; baseline 0.002 -13"><span class='ocrx_word' id='word_1_132' title='bbox 257 1271 326 1303; x_wconf 89' lang='lat' dir='ltr'>quo</span> <span class='ocrx_word' id='word_1_133' title='bbox 343 1261 458 1294; x_wconf 90' lang='lat' dir='ltr'>seculo</span> <span class='ocrx_word' id='word_1_134' title='bbox 478 1259 583 1298; x_wconf 85' lang='lat' dir='ltr'>Scoti,</span> <span class='ocrx_word' id='word_1_135' title='bbox 602 1264 642 1292; x_wconf 86' lang='lat' dir='ltr'>ut</span> <span class='ocrx_word' id='word_1_136' title='bbox 660 1270 766 1302; x_wconf 90' lang='lat' dir='ltr'>supra</span> <span class='ocrx_word' id='word_1_137' title='bbox 783 1261 914 1299; x_wconf 90' lang='lat' dir='ltr'>monui,</span> <span class='ocrx_word' id='word_1_138' title='bbox 932 1261 1088 1304; x_wconf 90' lang='lat' dir='ltr'>plerique</span> <span class='ocrx_word' id='word_1_139' title='bbox 1106 1261 1306 1294; x_wconf 83' lang='lat' dir='ltr'>exulabant.</span> <span class='ocrx_word' id='word_1_140' title='bbox 1359 1261 1450 1306; x_wconf 90' lang='lat' dir='ltr'>Ejus</span> <span class='ocrx_word' id='word_1_141' title='bbox 1468 1268 1550 1296; x_wconf 91' lang='lat' dir='ltr'>sunt</span> <span class='ocrx_word' id='word_1_142' title='bbox 1565 1273 1573 1296; x_wconf 87' lang='lat'>:</span> 
     </span>
     <span class='ocr_line' id='line_1_19' title="bbox 402 1315 1510 1358; baseline 0.004 -10"><span class='ocrx_word' id='word_1_143' title='bbox 402 1315 568 1349; x_wconf 87' lang='lat' dir='ltr'>Paschale</span> <span class='ocrx_word' id='word_1_144' title='bbox 585 1326 683 1358; x_wconf 83' lang='lat' dir='ltr'>opus,</span> <span class='ocrx_word' id='word_1_145' title='bbox 701 1316 775 1347; x_wconf 89' lang='lat' dir='ltr'>sive</span> <span class='ocrx_word' id='word_1_146' title='bbox 794 1315 1012 1348; x_wconf 78' lang='lat' dir='ltr'>Mirabiliuin</span> <span class='ocrx_word' id='word_1_147' title='bbox 1030 1316 1242 1349; x_wconf 87' lang='lat' dir='ltr'>Divinorum</span> <span class='ocrx_word' id='word_1_148' title='bbox 1259 1317 1318 1350; x_wconf 89' lang='lat' dir='ltr'>lib.</span> <span class='ocrx_word' id='word_1_149' title='bbox 1338 1326 1373 1350; x_wconf 91' lang='lat' dir='ltr'>V.</span> <span class='ocrx_word' id='word_1_150' title='bbox 1395 1329 1510 1352; x_wconf 90' lang='lat' dir='ltr'>versu.</span> 
     </span>
     <span class='ocr_line' id='line_1_20' title="bbox 402 1371 1554 1416; baseline 0.003 -12"><span class='ocrx_word' id='word_1_151' title='bbox 402 1372 456 1405; x_wconf 90' lang='lat' dir='ltr'>De</span> <span class='ocrx_word' id='word_1_152' title='bbox 474 1372 593 1404; x_wconf 89' lang='lat' dir='ltr'>eadem</span> <span class='ocrx_word' id='word_1_153' title='bbox 610 1382 658 1409; x_wconf 86' lang='lat' dir='ltr'>re,</span> <span class='ocrx_word' id='word_1_154' title='bbox 676 1371 864 1415; x_wconf 88' lang='lat' dir='ltr'>eodemque</span> <span class='ocrx_word' id='word_1_155' title='bbox 881 1377 1099 1416; x_wconf 86' lang='lat' dir='ltr'>argumento,</span> <span class='ocrx_word' id='word_1_156' title='bbox 1119 1373 1179 1405; x_wconf 91' lang='lat' dir='ltr'>lib.</span> <span class='ocrx_word' id='word_1_157' title='bbox 1199 1381 1235 1405; x_wconf 87' lang='lat' dir='ltr'>V.</span> <span class='ocrx_word' id='word_1_158' title='bbox 1256 1374 1370 1406; x_wconf 84' lang='lat' dir='ltr'>soluta</span> <span class='ocrx_word' id='word_1_159' title='bbox 1387 1375 1554 1409; x_wconf 88' lang='lat' dir='ltr'>oratione.</span> 
     </span>
     <span class='ocr_line' id='line_1_21' title="bbox 402 1427 1621 1472; baseline 0.004 -12"><span class='ocrx_word' id='word_1_160' title='bbox 402 1428 444 1461; x_wconf 92' lang='lat' dir='ltr'>In</span> <span class='ocrx_word' id='word_1_161' title='bbox 462 1439 580 1461; x_wconf 89' lang='lat' dir='ltr'>omnes</span> <span class='ocrx_word' id='word_1_162' title='bbox 598 1427 777 1471; x_wconf 77' lang='lat' dir='ltr'>Epistulas</span> <span class='ocrx_word' id='word_1_163' title='bbox 795 1427 897 1460; x_wconf 85' lang='lat' dir='ltr'>Pauli</span> <span class='ocrx_word' id='word_1_164' title='bbox 916 1427 1177 1468; x_wconf 82' lang='lat' dir='ltr'>commentarii,</span> <span class='ocrx_word' id='word_1_165' title='bbox 1195 1440 1282 1472; x_wconf 87' lang='lat' dir='ltr'>quos</span> <span class='ocrx_word' id='word_1_166' title='bbox 1297 1430 1431 1472; x_wconf 88' lang='lat' dir='ltr'>primus</span> <span class='ocrx_word' id='word_1_167' title='bbox 1448 1430 1621 1465; x_wconf 81' lang='lat' dir='ltr'>Hem-icus</span> 
     </span>
     <span class='ocr_line' id='line_1_22' title="bbox 452 1484 1129 1518; baseline 0.001 -1"><span class='ocrx_word' id='word_1_168' title='bbox 452 1484 548 1517; x_wconf 87' lang='lat' dir='ltr'>Petri</span> <span class='ocrx_word' id='word_1_169' title='bbox 566 1484 724 1517; x_wconf 84' lang='lat' dir='ltr'>Basileae</span> <span class='ocrx_word' id='word_1_170' title='bbox 743 1484 851 1517; x_wconf 89' lang='lat' dir='ltr'>edidit</span> <span class='ocrx_word' id='word_1_171' title='bbox 869 1495 960 1517; x_wconf 89' lang='lat' dir='ltr'>anno</span> <span class='ocrx_word' id='word_1_172' title='bbox 980 1493 1129 1518; x_wconf 74' lang='lat' dir='ltr'>MDLXI.</span> 
     </span>
     <span class='ocr_line' id='line_1_23' title="bbox 405 1538 896 1584; baseline 0.002 -12"><span class='ocrx_word' id='word_1_173' title='bbox 405 1540 572 1584; x_wconf 83' lang='lat' dir='ltr'>Hymnus</span> <span class='ocrx_word' id='word_1_174' title='bbox 590 1540 632 1572; x_wconf 88' lang='lat' dir='ltr'>de</span> <span class='ocrx_word' id='word_1_175' title='bbox 649 1538 734 1572; x_wconf 80' lang='lat' dir='ltr'>Vita</span> <span class='ocrx_word' id='word_1_176' title='bbox 752 1539 896 1573; x_wconf 86' lang='lat' dir='ltr'>Christi.</span> 
     </span>
    </p>

    <p class='ocr_par' dir='ltr' id='par_1_5' title="bbox 256 1596 1621 1920">
     <span class='ocr_line' id='line_1_24' title="bbox 305 1596 1620 1638; baseline 0.002 -8"><span class='ocrx_word' id='word_1_177' title='bbox 305 1596 466 1635; x_wconf 84' lang='lat' dir='ltr'>Vivebat,</span> <span class='ocrx_word' id='word_1_178' title='bbox 476 1596 665 1629; x_wconf 89' lang='lat' dir='ltr'>secundum</span> <span class='ocrx_word' id='word_1_179' title='bbox 679 1596 857 1638; x_wconf 86' lang='lat' dir='ltr'>quosdam,</span> <span class='ocrx_word' id='word_1_180' title='bbox 867 1596 930 1630; x_wconf 90' lang='lat' dir='ltr'>sub</span> <span class='ocrx_word' id='word_1_181' title='bbox 944 1596 1141 1630; x_wconf 90' lang='lat' dir='ltr'>Theodosio</span> <span class='ocrx_word' id='word_1_182' title='bbox 1155 1597 1301 1637; x_wconf 89' lang='lat' dir='ltr'>seniore,</span> <span class='ocrx_word' id='word_1_183' title='bbox 1315 1609 1406 1631; x_wconf 88' lang='lat' dir='ltr'>anno</span> <span class='ocrx_word' id='word_1_184' title='bbox 1421 1608 1620 1633; x_wconf 78' lang='lat' dir='ltr'>ccccxxx.</span> 
     </span>
     <span class='ocr_line' id='line_1_25' title="bbox 259 1652 1621 1696; baseline 0.001 -9"><span class='ocrx_word' id='word_1_185' title='bbox 259 1664 365 1696; x_wconf 85' lang='lat' dir='ltr'>eaque</span> <span class='ocrx_word' id='word_1_186' title='bbox 384 1653 499 1686; x_wconf 88' lang='lat' dir='ltr'>verior</span> <span class='ocrx_word' id='word_1_187' title='bbox 516 1652 698 1690; x_wconf 83' lang='lat' dir='ltr'>sententia,</span> <span class='ocrx_word' id='word_1_188' title='bbox 719 1656 753 1684; x_wconf 88' lang='lat' dir='ltr'>et</span> <span class='ocrx_word' id='word_1_189' title='bbox 770 1652 881 1696; x_wconf 86' lang='lat' dir='ltr'>magis</span> <span class='ocrx_word' id='word_1_190' title='bbox 899 1654 1058 1696; x_wconf 82' lang='lat' dir='ltr'>placens3</span> <span class='ocrx_word' id='word_1_191' title='bbox 1083 1655 1138 1686; x_wconf 88' lang='lat' dir='ltr'>vel</span> <span class='ocrx_word' id='word_1_192' title='bbox 1153 1662 1372 1687; x_wconf 80' lang='lat' dir='ltr'><strong>CCCLXXXI.</strong></span> <span class='ocrx_word' id='word_1_193' title='bbox 1391 1656 1474 1688; x_wconf 88' lang='lat' dir='ltr'>dum</span> <span class='ocrx_word' id='word_1_194' title='bbox 1492 1655 1621 1689; x_wconf 88' lang='lat' dir='ltr'>Valens</span> 
     </span>
     <span class='ocr_line' id='line_1_26' title="bbox 256 1707 1620 1754; baseline 0.002 -12"><span class='ocrx_word' id='word_1_195' title='bbox 256 1709 441 1754; x_wconf 86' lang='lat' dir='ltr'>Augustus</span> <span class='ocrx_word' id='word_1_196' title='bbox 475 1708 572 1748; x_wconf 89' lang='lat' dir='ltr'>obiit,</span> <span class='ocrx_word' id='word_1_197' title='bbox 608 1707 744 1741; x_wconf 82' lang='lat' dir='ltr'>Albert.</span> <span class='ocrx_word' id='word_1_198' title='bbox 780 1707 958 1742; x_wconf 79' lang='lat' dir='ltr'>stadensis</span> <span class='ocrx_word' id='word_1_199' title='bbox 993 1709 1123 1742; x_wconf 90' lang='lat' dir='ltr'>Chron.</span> <span class='ocrx_word' id='word_1_200' title='bbox 1158 1722 1237 1754; x_wconf 85' lang='lat' dir='ltr'>pag.</span> <span class='ocrx_word' id='word_1_201' title='bbox 1274 1719 1388 1744; x_wconf 76' lang='lat' dir='ltr'>XLIX.</span> <span class='ocrx_word' id='word_1_202' title='bbox 1433 1713 1488 1744; x_wconf 91' lang='lat' dir='ltr'>vel</span> <span class='ocrx_word' id='word_1_203' title='bbox 1530 1724 1620 1746; x_wconf 87' lang='lat' dir='ltr'>anno</span> 
     </span>
     <span class='ocr_line' id='line_1_27' title="bbox 258 1764 1619 1810; baseline 0.002 -12"><span class='ocrx_word' id='word_1_204' title='bbox 258 1774 474 1798; x_wconf 81' lang='lat' dir='ltr'><strong>CCCCXle.</strong></span> <span class='ocrx_word' id='word_1_205' title='bbox 527 1764 663 1797; x_wconf 86' lang='lat' dir='ltr'>Sanctis</span> <span class='ocrx_word' id='word_1_206' title='bbox 681 1764 948 1797; x_wconf 88' lang='lat' dir='ltr'>adnumeratum</span> <span class='ocrx_word' id='word_1_207' title='bbox 966 1766 1090 1808; x_wconf 90' lang='lat' dir='ltr'>probat</span> <span class='ocrx_word' id='word_1_208' title='bbox 1112 1766 1265 1799; x_wconf 86' lang='lat' dir='ltr'>Joaunes</span> <span class='ocrx_word' id='word_1_209' title='bbox 1292 1766 1468 1810; x_wconf 88' lang='lat' dir='ltr'>Groperus</span> <span class='ocrx_word' id='word_1_210' title='bbox 1492 1773 1575 1801; x_wconf 88' lang='lat' dir='ltr'>tom.</span> <span class='ocrx_word' id='word_1_211' title='bbox 1596 1778 1619 1801; x_wconf 93' lang='lat'>1.</span> 
     </span>
     <span class='ocr_line' id='line_1_28' title="bbox 257 1820 1621 1867; baseline 0.003 -13"><span class='ocrx_word' id='word_1_212' title='bbox 257 1821 298 1854; x_wconf 87' lang='lat' dir='ltr'>de</span> <span class='ocrx_word' id='word_1_213' title='bbox 317 1821 619 1854; x_wconf 86' lang='lat' dir='ltr'>Praestantissimo</span> <span class='ocrx_word' id='word_1_214' title='bbox 636 1820 771 1853; x_wconf 85' lang='lat' dir='ltr'>Altaris</span> <span class='ocrx_word' id='word_1_215' title='bbox 791 1820 1012 1855; x_wconf 84' lang='lat' dir='ltr'>Sacramento</span> <span class='ocrx_word' id='word_1_216' title='bbox 1030 1833 1109 1867; x_wconf 85' lang='lat' dir='ltr'>pag.</span> <span class='ocrx_word' id='word_1_217' title='bbox 1130 1832 1271 1856; x_wconf 80' lang='lat' dir='ltr'><strong>CCCLX.</strong></span> <span class='ocrx_word' id='word_1_218' title='bbox 1290 1828 1330 1856; x_wconf 91' lang='lat' dir='ltr'>ut</span> <span class='ocrx_word' id='word_1_219' title='bbox 1344 1824 1450 1857; x_wconf 84' lang='lat' dir='ltr'>vertit</span> <span class='ocrx_word' id='word_1_220' title='bbox 1465 1824 1621 1858; x_wconf 89' lang='lat' dir='ltr'>Christo-</span> 
     </span>
     <span class='ocr_line' id='line_1_29' title="bbox 258 1876 895 1920; baseline -0.002 -10"><span class='ocrx_word' id='word_1_221' title='bbox 258 1877 387 1920; x_wconf 88' lang='lat' dir='ltr'>phorus</span> <span class='ocrx_word' id='word_1_222' title='bbox 405 1877 592 1910; x_wconf 86' lang='lat' dir='ltr'>Cassianus</span> <span class='ocrx_word' id='word_1_223' title='bbox 611 1876 895 1910; x_wconf 81' lang='lat' dir='ltr'>Trarbachensis.</span> 
     </span>
    </p>
   </div>
   <div class='ocr_carea' id='block_1_5' title="bbox 750 1989 1125 2024">
    <p class='ocr_par' dir='ltr' id='par_1_6' title="bbox 750 1989 1125 2024">
     <span class='ocr_line' id='line_1_30' title="bbox 750 1989 1125 2024; baseline 0.005 -2"><span class='ocrx_word' id='word_1_224' title='bbox 750 1989 784 2022; x_wconf 88' lang='lat' dir='ltr'>S.</span> <span class='ocrx_word' id='word_1_225' title='bbox 812 1989 992 2023; x_wconf 86' lang='lat' dir='ltr'>CEDDA.</span> <span class='ocrx_word' id='word_1_226' title='bbox 1046 1993 1125 2024; x_wconf 74' lang='lat'>930.</span> 
     </span>
    </p>
   </div>
   <div class='ocr_carea' id='block_1_6' title="bbox 258 2100 1622 2372">
    <p class='ocr_par' dir='ltr' id='par_1_7' title="bbox 258 2100 1622 2372">
     <span class='ocr_line' id='line_1_31' title="bbox 259 2100 1620 2141; baseline 0.004 -9"><span class='ocrx_word' id='word_1_227' title='bbox 259 2101 292 2133; x_wconf 86' lang='lat' dir='ltr'>S.</span> <span class='ocrx_word' id='word_1_228' title='bbox 321 2100 475 2139; x_wconf 76' lang='lat' dir='ltr'>CEDDA,</span> <span class='ocrx_word' id='word_1_229' title='bbox 509 2101 582 2133; x_wconf 89' lang='lat' dir='ltr'>sive</span> <span class='ocrx_word' id='word_1_230' title='bbox 610 2101 757 2141; x_wconf 87' lang='lat' dir='ltr'>Ceadda,</span> <span class='ocrx_word' id='word_1_231' title='bbox 786 2107 825 2135; x_wconf 87' lang='lat' dir='ltr'>ut</span> <span class='ocrx_word' id='word_1_232' title='bbox 855 2103 932 2136; x_wconf 90' lang='lat' dir='ltr'>vult</span> <span class='ocrx_word' id='word_1_233' title='bbox 966 2103 1095 2136; x_wconf 88' lang='lat' dir='ltr'>Matth.</span> <span class='ocrx_word' id='word_1_234' title='bbox 1127 2103 1378 2137; x_wconf 80' lang='lat' dir='ltr'>Westmonast‚</span> <span class='ocrx_word' id='word_1_235' title='bbox 1413 2105 1456 2137; x_wconf 92' lang='lat' dir='ltr'>ad</span> <span class='ocrx_word' id='word_1_236' title='bbox 1491 2116 1620 2138; x_wconf 87' lang='lat' dir='ltr'>annum</span> 
     </span>
     <span class='ocr_line' id='line_1_32' title="bbox 261 2156 1621 2203; baseline 0.004 -14"><span class='ocrx_word' id='word_1_237' title='bbox 261 2165 411 2189; x_wconf 71' lang='lat' dir='ltr'><strong>DCLVII.</strong></span> <span class='ocrx_word' id='word_1_238' title='bbox 449 2167 540 2189; x_wconf 89' lang='lat' dir='ltr'>unus</span> <span class='ocrx_word' id='word_1_239' title='bbox 575 2156 643 2189; x_wconf 90' lang='lat' dir='ltr'>fuit</span> <span class='ocrx_word' id='word_1_240' title='bbox 677 2168 720 2189; x_wconf 84' lang='lat' dir='ltr'>ex</span> <span class='ocrx_word' id='word_1_241' title='bbox 753 2162 903 2201; x_wconf 89' lang='lat' dir='ltr'>quatuor</span> <span class='ocrx_word' id='word_1_242' title='bbox 937 2159 1148 2203; x_wconf 86' lang='lat' dir='ltr'>presbyteris</span> <span class='ocrx_word' id='word_1_243' title='bbox 1183 2160 1243 2203; x_wconf 91' lang='lat' dir='ltr'>qui</span> <span class='ocrx_word' id='word_1_244' title='bbox 1278 2160 1314 2193; x_wconf 84' lang='lat' dir='ltr'>S.</span> <span class='ocrx_word' id='word_1_245' title='bbox 1349 2161 1550 2194; x_wconf 87' lang='lat' dir='ltr'>Finnanum</span> <span class='ocrx_word' id='word_1_246' title='bbox 1584 2163 1621 2194; x_wconf 88' lang='lat' dir='ltr'>in</span> 
     </span>
     <span class='ocr_line' id='line_1_33' title="bbox 259 2212 1622 2259; baseline 0.004 -14"><span class='ocrx_word' id='word_1_247' title='bbox 259 2212 425 2257; x_wconf 84' lang='lat' dir='ltr'>Angliam</span> <span class='ocrx_word' id='word_1_248' title='bbox 456 2213 563 2245; x_wconf 88' lang='lat' dir='ltr'>secuti</span> <span class='ocrx_word' id='word_1_249' title='bbox 600 2213 868 2246; x_wconf 85' lang='lat' dir='ltr'>mediterraneos</span> <span class='ocrx_word' id='word_1_250' title='bbox 898 2213 1033 2259; x_wconf 85' lang='lat' dir='ltr'>Anglos</span> <span class='ocrx_word' id='word_1_251' title='bbox 1067 2227 1164 2249; x_wconf 87' lang='lat' dir='ltr'>sacro</span> <span class='ocrx_word' id='word_1_252' title='bbox 1197 2216 1276 2249; x_wconf 89' lang='lat' dir='ltr'>fidei</span> <span class='ocrx_word' id='word_1_253' title='bbox 1311 2217 1532 2250; x_wconf 85' lang='lat' dir='ltr'>Christianae</span> <span class='ocrx_word' id='word_1_254' title='bbox 1563 2219 1622 2250; x_wconf 88' lang='lat' dir='ltr'>do-</span> 
     </span>
     <span class='ocr_line' id='line_1_34' title="bbox 258 2268 1618 2318; baseline 0.004 -17"><span class='ocrx_word' id='word_1_255' title='bbox 258 2274 375 2313; x_wconf 87' lang='lat' dir='ltr'>gmate</span> <span class='ocrx_word' id='word_1_256' title='bbox 409 2269 655 2302; x_wconf 86' lang='lat' dir='ltr'>informarunt.</span> <span class='ocrx_word' id='word_1_257' title='bbox 706 2268 818 2312; x_wconf 85' lang='lat' dir='ltr'>Super</span> <span class='ocrx_word' id='word_1_258' title='bbox 850 2281 919 2312; x_wconf 90' lang='lat' dir='ltr'>quo</span> <span class='ocrx_word' id='word_1_259' title='bbox 953 2271 1059 2304; x_wconf 90' lang='lat' dir='ltr'>verba</span> <span class='ocrx_word' id='word_1_260' title='bbox 1092 2272 1270 2315; x_wconf 86' lang='lat' dir='ltr'>scriptoris</span> <span class='ocrx_word' id='word_1_261' title='bbox 1303 2271 1414 2318; x_wconf 88' lang='lat' dir='ltr'>Angli</span> <span class='ocrx_word' id='word_1_262' title='bbox 1449 2273 1618 2306; x_wconf 85' lang='lat' dir='ltr'>Florentii</span> 
     </span>
     <span class='ocr_line' id='line_1_35' title="bbox 258 2324 1621 2372; baseline 0.004 -15"><span class='ocrx_word' id='word_1_263' title='bbox 258 2324 501 2369; x_wconf 74' lang='lat' dir='ltr'>Vigor-niensis</span> <span class='ocrx_word' id='word_1_264' title='bbox 531 2333 726 2369; x_wconf 87' lang='lat' dir='ltr'>apponam:</span> <span class='ocrx_word' id='word_1_265' title='bbox 762 2329 782 2344; x_wconf 89' lang='lat'><strong>“</strong></span> <span class='ocrx_word' id='word_1_266' title='bbox 801 2325 1049 2360; x_wconf 88' lang='lat' dir='ltr'>Mediterranei</span> <span class='ocrx_word' id='word_1_267' title='bbox 1073 2327 1183 2372; x_wconf 86' lang='lat' dir='ltr'>Angli</span> <span class='ocrx_word' id='word_1_268' title='bbox 1213 2329 1279 2362; x_wconf 91' lang='lat' dir='ltr'>sub</span> <span class='ocrx_word' id='word_1_269' title='bbox 1309 2328 1429 2362; x_wconf 88' lang='lat' dir='ltr'>Penda</span> <span class='ocrx_word' id='word_1_270' title='bbox 1455 2329 1621 2372; x_wconf 85' lang='lat' dir='ltr'>principe,</span> 
     </span>
    </p>
   </div>
  </div>
 </body>
</html>
