1861 2682
348 397 836 452 HISTORIAE
879 393 1621 449 ECCLESIASTICAE

635 494 909 542 GENTIS
947 492 1336 539 SCOTORUM

853 608 1032 647 LIBER
1061 608 1132 647 VI.

762 735 796 768 S.
824 735 1010 768 FAILBE
1017 735 1084 769 US.
1136 738 1218 769 503.

313 830 346 862 S.
367 829 581 866 FAILBEUS,
600 826 704 859 abbas
723 826 759 858 in
778 825 903 865 Trioit,
929 826 1079 859 mirabili
1102 826 1304 869 prophetiae
1328 825 1454 868 spiritu
1478 825 1612 863 claruit,
1635 830 1666 857 et

312 886 422 918 multa
439 888 606 917 eventura
624 882 843 920 vaticinatus,
869 881 991 914 Scotus
1015 886 1228 914 memoratur
1251 893 1271 914 a
1289 881 1324 914 S.
1342 880 1551 913 Adamanno
1569 880 1669 913 Seoto

312 942 371 974 lib.
391 950 415 973 1.
435 940 476 973 de
493 939 577 972 Vita
595 939 630 971 S.
649 938 837 971 Columbae
855 948 928 980 cap.
949 946 1008 971 111.
1027 949 1129 970 suum
1147 938 1358 970 decessorem
1378 941 1489 975 vocat,
1513 941 1546 970 et
1571 947 1612 968 ex
1631 947 1670 969 eo

313 1000 510 1030 mutuatum
536 996 699 1038 pleraque
723 1005 842 1026 eorum
866 993 996 1026 fatetur
1021 1005 1109 1037 quae
1135 994 1177 1026 de
1203 998 1321 1026 sancto
1346 994 1405 1026 illo
1429 992 1542 1025 tribus
1573 993 1669 1025 libris

313 1053 508 1096 scripserat.
560 1050 705 1093 Scripsit

458 1108 511 1140 De
529 1107 648 1140 futuro
666 1105 800 1139 Scotiae
819 1105 922 1138 Statu
1228 1104 1287 1138 lib.
1308 1114 1333 1137 Ι.

457 1164 548 1197 Acta
566 1163 600 1195 S.
620 1162 809 1195 Columbae
1230 1161 1288 1194 lib.
1309 1170 1333 1194 Ι.

362 1220 498 1253 Claruit
516 1230 606 1252 anno
625 1227 745 1250 DCXL.
764 1229 827 1251 nec
845 1219 946 1261 plura
963 1218 1004 1250 de
1023 1228 1073 1250 eo.
1113 1217 1250 1250 Colitur
1261 1225 1358 1250 XXV.
1378 1215 1401 1248 J
1403 1216 1549 1255 aunarii,
1569 1217 1670 1259 depo-

317 1277 403 1309 situs
424 1285 482 1308 111.
500 1275 610 1313 Junii,
630 1283 682 1306 VI.
702 1274 824 1307 Octob.

778 1385 812 1418 S.
840 1384 1074 1418 FAUSTUS.
1126 1386 1206 1417 504.

317 1502 350 1534 S.
371 1501 561 1539 Fmsws,
588 1499 647 1542 qui
668 1499 804 1532 Latinis
823 1498 1001 1531 dicebatur
1020 1494 1229 1534 Faustinus,
1253 1495 1381 1528 Bai-on.
1411 1500 1495 1528 tom.
1515 1503 1568 1528 VI.
1598 1495 1673 1529 An-

318 1557 460 1594 nalium,
482 1553 670 1599 Congellus
687 1556 778 1598 apud
797 1558 969 1587 nostrates
987 1558 1049 1585 est.
1077 1552 1255 1584 Notkerus
1282 1551 1450 1584 Balbulus
1476 1552 1514 1584 in
1537 1551 1672 1595 Marty-

318 1614 425 1657 rolog.
446 1616 469 1630 “
489 1611 658 1644 Columba
675 1622 753 1644 cum
772 1611 939 1653 plurimos
957 1609 1154 1651 discipulos,
1180 1608 1233 1640 vel
1252 1608 1361 1640 socios
1380 1608 1573 1640 sanctitatis
1591 1618 1673 1640 suae

319 1679 484 1712 suppares
502 1667 689 1705 habuisset,
708 1678 816 1699 unum
844 1671 961 1698 tamen
987 1664 1202 1708 Congellum,
1229 1664 1357 1696 scilicet
1384 1663 1507 1696 Fausti
1532 1663 1672 1696 nomine

317 1726 499 1762 illustrem,
527 1728 783 1766 praeceptorem
813 1721 1003 1755 beatissimi
1040 1719 1256 1758 Columbani,
1288 1720 1458 1764 magistri,
1486 1719 1608 1761 patris,
1638 1724 1671 1751 et

318 1781 449 1814 domini
479 1780 588 1812 nostri
620 1778 721 1817 Galli,
752 1780 923 1811 virtutum
952 1789 990 1810 ac
1016 1776 1218 1808 meritorum
1249 1776 1348 1819 quasi
1379 1775 1532 1813 unicum,
1560 1785 1673 1807 exem-

318 1837 374 1879 plo
393 1835 499 1874 Isaac,
518 1835 658 1877 reliquit
675 1833 887 1866 haeredem.”
937 1832 1041 1865 Hunc
1059 1831 1134 1864 MS.
1160 1832 1266 1864 codex
1291 1830 1492 1864 monasterii
1518 1830 1553 1862 S.
1581 1829 1672 1863 Galli

319 1894 355 1924 111
374 1892 546 1924 Helvetiis
565 1889 740 1923 Faustum
758 1900 937 1932 perperam
957 1888 1104 1921 vocavit.
1157 1887 1253 1919 Idem
1276 1887 1332 1919 hic
1356 1886 1390 1919 S.
1415 1886 1603 1919 Columbae
1621 1896 1673 1918 so-

319 1948 402 1986 cius,
430 1948 464 1979 S.
484 1947 689 1979 Columbani
716 1946 891 1989 magister,
919 1944 1100 1988 Regiensis
1119 1943 1154 1974 111
1181 1942 1303 1975 Galliis
1328 1942 1397 1975 fuit
1422 1942 1612 1985 episcopus,
1639 1948 1673 1974 et

320 2003 513 2036 Lirinensis
532 2002 636 2035 abbas
655 2002 691 2034 in
710 2001 829 2034 Insula
847 2000 1048 2038 Eremitica,
1065 1999 1284 2031 concionator
1297 1998 1477 2031 facundus.
1522 1997 1579 2029 Ad
1595 2008 1673 2030 eum

320 2060 439 2092 scribit
465 2058 582 2090 Sidon.
610 2057 824 2100 Apollinaris
854 2057 913 2089 lib.
942 2064 996 2087 IX.
1024 2056 1124 2098 epist.
1153 2063 1211 2088 III.
1267 2054 1423 2087 Gennad.
1454 2054 1496 2087 de
1525 2053 1601 2087 Vir.
1633 2054 1673 2085 il-

319 2115 454 2147 lustrib.
490 2125 563 2157 cap.
596 2121 766 2145 LXXXIV.
828 2112 920 2144 Male
954 2109 1138 2143 Reiensem
1173 2111 1371 2153 episcopum
1405 2121 1468 2153 pro
1504 2108 1675 2153 Regiensi

320 2171 424 2203 habet
458 2170 645 2214 epigraphe
679 2168 839 2201 carminis
871 2176 953 2200 XVI.
990 2159 1081 2210 apiid
1111 2167 1304 2200 Sidonium.
1365 2167 1488 2199 Multis
1520 2166 1674 2198 Christo-

320 2227 450 2269 phorus
477 2226 663 2258 Browerus
690 2226 732 2258 ad
758 2224 972 2257 Venantium
1000 2223 1232 2256 Fortunatum
1259 2222 1317 2255 lib.
1345 2230 1381 2255 V.
1408 2233 1486 2266 pag.
1514 2229 1671 2254 CXXXII.

321 2283 528 2326 Anonymus
569 2286 689 2314 auctor
724 2281 760 2313 in
796 2279 880 2313 Vita
919 2279 954 2312 S.
991 2279 1190 2323 Fulgentii:
1233 2282 1253 2296 “
1282 2278 1366 2311 Fuit
1400 2282 1473 2310 tum
1510 2277 1673 2319 temporis
