1861 2682
258 263 298 293 915
627 263 852 294 HISTORIA
877 263 1239 295 ECCLESIASTICA

548 352 864 386 ALEXANDER
890 353 1198 386 BARCLAYUS.
1253 355 1331 390 172.

262 416 280 427 ‘⁶
296 411 561 443 ALEXANDER
573 409 776 452 Barclayus,
789 409 914 442 nobilis
929 413 963 441 et
976 408 1136 452 egregius
1149 413 1262 450 poeta,
1282 413 1316 441 et
1330 408 1477 453 insignis
1491 414 1616 447 orator,

261 472 362 509 gente
381 466 514 504 Scottis,
533 465 598 498 sub
616 464 731 498 Maria
748 465 868 509 regina
885 463 1040 502 decessit,
1060 464 1126 502 vel,
1146 467 1186 496 ut
1204 463 1262 495 alii
1282 464 1416 502 volunt,
1435 463 1499 496 sub
1516 463 1618 497 finem

262 521 417 554 Eduardi
437 520 519 554 VI.’'
537 521 651 564 inquit
672 520 907 554 Holinshedus
928 519 1022 553 Hist.
1042 529 1122 563 pag.
1145 527 1345 552 MDCCXIX.
1397 518 1543 562 Scripsit

406 577 590 610 Orationes
609 576 723 609 varias
1177 574 1236 608 lib.
1257 583 1281 607 1.

404 632 570 665 Poemata
587 632 683 664 varia
1178 630 1237 664 lib.
1258 639 1282 662 1.

406 688 458 720 De
478 687 563 720 Fide
581 687 784 720 Orthodoxa
1178 686 1237 719 lib.
1258 695 1282 718 1.

309 744 406 776 Vixit
425 744 460 776 in
479 742 620 786 Anglia‚
639 743 752 785 patria
769 753 832 775 sua
849 743 1026 787 religionis
1041 753 1123 787 ergo
1140 742 1271 785 pulsus,
1290 746 1323 774 et
1342 742 1406 775 sub
1423 753 1527 776 aureo
1542 743 1617 775 Ma-

261 801 330 832 riae
348 799 561 842 Anglicanae
579 798 724 840 imperio
742 799 827 832 obiit
845 809 935 832 anno
955 806 1088 831 MDL11.

634 894 841 927 ADAMUS
868 894 1111 928 BLUNTUS.
1168 897 1184 926 1
1192 897 1247 931 73.

260 967 436 999 ADAMUS
454 967 607 999 Bluntus
626 966 877 1000 Franciscanus
894 977 1022 1010 magua
1038 967 1129 1000 inter
1152 978 1233 1000 suos
1257 966 1360 1005 fama,
1384 977 1500 1000 sacrae
1524 967 1618 999 theo-

260 1023 370 1065 logiae
388 1023 504 1060 lector,
522 1027 556 1054 et
574 1021 838 1067 Roxburgensis
856 1022 1009 1055 coenobii
1027 1022 1064 1054 in
1085 1021 1200 1055 Scotia
1223 1022 1391 1065 superior,
1416 1021 1616 1054 difficillimo

261 1078 454 1120 tyrannidis
472 1077 686 1122 Anglicanae
704 1082 867 1121 tempore,
886 1088 906 1110 a
923 1077 945 1109 J
947 1088 1056 1110 oanne
1074 1077 1210 1110 Baliolo
1227 1077 1409 1110 Scotorum
1432 1088 1512 1122 rege
1536 1077 1616 1109 mis-

259 1144 317 1165 sus
341 1134 383 1165 ad
407 1132 612 1165 Eduardum
637 1133 664 1166 Ι.
688 1133 845 1177 Anglum
871 1138 1036 1176 tanquam
1063 1138 1190 1171 orator,
1215 1140 1253 1166 ut
1272 1138 1539 1176 conquereretur
1557 1144 1616 1164 110-

258 1189 350 1220 mine
369 1189 458 1232 regis
476 1188 542 1225 sui,
559 1188 716 1232 Anglum
734 1189 850 1232 impie,
868 1194 902 1221 et
919 1189 1114 1228 crudeliter,
1136 1194 1169 1222 et
1187 1194 1308 1222 contra
1326 1188 1446 1221 foedus
1464 1187 1613 1220 Scotiam

258 1245 431 1283 divexare,
451 1248 484 1276 et
502 1244 648 1288 injurias
666 1244 814 1276 subditis
831 1243 1020 1282 inferendo,
1039 1249 1072 1276 et
1091 1244 1201 1276 modis
1222 1243 1385 1281 subdolis,
1401 1243 1461 1275 sed
1475 1243 1614 1279 illicitis,

258 1300 358 1332 fidem
377 1300 419 1332 ab
437 1311 476 1332 eo
494 1310 673 1342 nunquam
691 1299 842 1332 debitam
859 1299 1038 1343 exigendo,
1060 1299 1201 1341 insuper
1223 1298 1324 1331 urbes
1342 1309 1422 1331 suas
1441 1298 1614 1330 hostiliter

257 1356 462 1394 invadendo,
490 1355 713 1398 subditosque
738 1354 900 1392 necando,
926 1359 987 1387 aut
1012 1354 1099 1387 furis
1126 1355 1235 1387 instar
1261 1354 1448 1396 spoliando,
1467 1364 1613 1396 quapro-

257 1419 333 1454 pter
351 1411 484 1444 Scotiae
507 1421 622 1455 regem
645 1421 780 1444 omnem
804 1410 916 1448 fidem,
940 1420 1043 1453 quam
1067 1414 1127 1443 aut
1150 1411 1233 1452 ipse,
1257 1414 1318 1442 aut
1335 1409 1464 1442 subditi
1482 1410 1535 1442 sui
1554 1421 1613 1442 no-

258 1468 351 1500 mine
368 1477 441 1505 suo,
465 1467 597 1500 ratione
620 1471 793 1499 terrarum
815 1466 852 1498 in
870 1465 999 1510 Anglia
1017 1476 1263 1508 possessarum,
1281 1465 1455 1504 deberent,
1475 1465 1613 1507 penitus

260 1523 440 1566 abnegare,
452 1527 486 1555 et
500 1522 612 1554 feudis
626 1522 838 1555 renunciare.
868 1521 962 1554 Haec
976 1532 1083 1564 paene
1096 1521 1264 1554 verbatim
1281 1520 1517 1553 Holinshedus
1533 1520 1615 1552 His-

259 1584 323 1610 tor.
343 1577 481 1622 Anglic.
500 1588 578 1622 pag.
600 1586 790 1611 DceeXIX.
818 1577 886 1610 Hic
903 1577 1060 1610 Adamus
1078 1577 1226 1620 scripsit,
1241 1582 1281 1609 ut
1299 1576 1335 1608 in
1354 1575 1470 1608 Indice
1489 1575 1613 1610 Maiae,

403 1634 472 1666 Pro
491 1633 587 1678 Rege
605 1633 627 1665 J
630 1644 739 1666 oanne
1175 1633 1232 1665 lib.
1254 1642 1276 1664 1.

401 1689 636 1722 Summarium
656 1689 913 1723 Sententiarum
1174 1689 1231 1721 lib.
1253 1697 1275 1720 Ι.

401 1744 590 1778 Conciones
609 1750 642 1778 et
661 1744 827 1778 Lecturas
1172 1745 1230 1777 lib.
1251 1753 1275 1776 1.

306 1801 495 1845 Legatione
524 1800 734 1845 fungebatur
764 1812 854 1833 anno
882 1809 1073 1834 MCCXCVI.
1105 1800 1245 1833 ineunte
1271 1809 1387 1832 mense
1412 1798 1549 1842 Aprili;
1579 1806 1611 1831 et

258 1858 322 1889 tide
347 1857 383 1889 in
409 1867 517 1901 reges,
543 1867 658 1889 amore
683 1856 719 1888 in
746 1857 903 1899 patriam,
931 1857 1110 1889 literatura
1135 1855 1336 1899 theologica,
1362 1865 1488 1897 paucos
1512 1865 1611 1897 pares

259 1919 369 1945 aetate
386 1922 447 1944 sua
466 1911 625 1945 habuisse
643 1918 811 1946 censetur.

563 2006 832 2040 DUNCANUS
860 2006 1170 2040 BORNETTUS.
1226 2009 1303 2043 174.

259 2079 482 2111 DUNCANUS
524 2079 726 2116 Bornettus,
773 2079 857 2111 alias
903 2078 1093 2116 Burnatus,
1143 2079 1282 2112 natione
1333 2080 1466 2118 Scotus‚
1516 2090 1610 2123 mag-

257 2145 336 2166 nam
371 2134 414 2166 ab
447 2134 640 2167 eruditione
673 2133 802 2166 famam
835 2134 972 2176 paravit
1005 2135 1097 2176 apud
1133 2133 1333 2173 Germanos,
1369 2145 1447 2168 cuin
1482 2135 1607 2177 quibus

257 2191 406 2222 multum
446 2189 611 2232 temporis
646 2189 757 2222 vixit:
800 2189 986 2222 medicinae
1019 2190 1138 2223 doctor
1173 2190 1331 2229 eximius,
1366 2196 1399 2223 et
1435 2190 1609 2233 chymicae

259 2246 400 2287 peritus,
418 2246 454 2277 iu
472 2245 557 2277 illud
576 2244 733 2278 incubuit
756 2245 874 2283 studii,
897 2250 936 2277 ut
958 2244 1158 2289 Spagiricen
1182 2246 1447 2289 Hippocraticae
1469 2246 1609 2289 conjun-

259 2307 363 2344 geret.
400 2300 544 2344 Scripsit
564 2301 682 2339 multa,
702 2301 770 2338 sed,
790 2305 829 2334 ut
846 2306 998 2343 apparet,
1018 2311 1139 2343 parum
1159 2302 1265 2334 edidit
1283 2312 1424 2335 suorum
1443 2311 1607 2343 operum:
