1861 2682
631 270 802 303 GENTIS
826 267 1097 306 SCOTORUM,
1122 267 1208 300 LIB.
1234 268 1258 298 Ι.
1590 267 1632 298 59

637 418 708 452 AN
711 417 918 453 ONYMUS
943 416 1123 452 POETA.
1177 419 1258 451 103.

269 535 285 568 1
291 542 316 568 N
334 534 450 568 eadem
469 532 676 568 bibliotheca
693 534 892 565 asservatur
909 530 986 564 MS.
1005 529 1171 574 anonymi
1184 530 1238 575 cuj
1245 529 1364 563 usdam
1379 528 1473 564 Scoti
1493 531 1630 576 elegans

267 590 402 634 epicum
420 600 553 633 poema,

414 645 663 679 Genethliacon
682 643 854 687 Principis
872 642 1064 676 Alexandri
1081 642 1104 676 J
1107 643 1168 676 ulii
1186 642 1246 676 lib.
1267 651 1291 676 1.
1310 654 1401 677 anno
1422 651 1538 676 MDLi.

556 755 836 790 ANONYMUS
862 754 1210 789 GEOGRAPHUS.
1265 756 1344 788 104.

266 869 459 906 DEN1QUE
486 869 522 902 in
549 868 667 902 eadem
693 868 900 901 bibliotheca
924 868 1090 911 anonymi
1116 867 1209 901 Scoti
1235 872 1396 901 servatur
1422 869 1528 902 codex
1552 869 1628 904 MS.

267 926 332 959 sub
348 926 462 965 titulo,
481 924 722 970 Geographiae
740 923 915 967 Epitome,
937 923 997 956 lib.
1017 932 1042 956 1.

314 981 450 1015 Auctor
475 981 632 1025 quisquis
658 980 738 1019 fuit,
764 990 850 1022 opus
876 990 958 1012 sane
985 979 1141 1024 Reginae
1166 979 1312 1019 Mariae,
1338 981 1422 1014 dum
1446 981 1483 1015 in
1507 981 1629 1016 Galliis

267 1044 395 1082 ageret,
414 1048 575 1082 praesens
593 1036 731 1074 obtulit,
749 1036 897 1079 indeque
914 1036 952 1068 in
969 1035 1122 1069 Scotiam
1139 1037 1340 1075 translatus,
1359 1047 1450 1070 anno
1471 1047 1570 1071 MDL.

572 1146 852 1181 ANONYMUS
878 1146 1192 1180 THEOLOGUS.
1246 1150 1326 1181 105.

266 1259 363 1292 DUM
380 1258 496 1292 fatalis
514 1259 573 1291 illa
596 1259 783 1291 mutandae
806 1258 986 1303 religionis
1009 1259 1124 1292 avitae
1146 1260 1269 1300 clades,
1294 1266 1329 1294 et
1352 1261 1531 1296 haereseos
1558 1264 1630 1298 An-

264 1315 337 1360 glia.
352 1315 468 1348 illatae
490 1314 639 1357 procella
656 1314 758 1358 longe
774 1314 912 1357 lateque
929 1314 1109 1348 detonaret
1126 1317 1163 1348 iu
1177 1315 1303 1356 Scotia‚
1318 1318 1468 1351 multum
1483 1330 1519 1352 se
1533 1324 1631 1354 tanto

266 1371 377 1404 furori
400 1371 449 1413 pii
467 1370 629 1413 doctique
646 1370 714 1402 viri
732 1374 979 1413 opposuerunt.
1031 1370 1074 1403 In
1091 1370 1146 1404 his
1170 1382 1364 1416 anonymus
1388 1374 1522 1414 Scotus,
1547 1387 1632 1409 non-

269 1428 356 1459 nulli
382 1425 550 1459 Jacobum
578 1426 728 1469 Tyrium
754 1430 929 1458 auctorem
955 1425 1099 1466 faciunt,
1125 1427 1300 1461 luculento
1326 1434 1360 1462 et
1385 1431 1521 1464 erudito
1539 1433 1630 1475 stylo

267 1483 374 1516 edidit
393 1482 586 1515 Historiam
606 1481 780 1515 Ecclesiae
797 1481 932 1515 Scotiae
949 1482 1008 1516 lib.
1029 1492 1053 1516 1.
1072 1494 1163 1516 anno
1182 1492 1373 1518 MDLXXV.

572 1593 853 1628 ANONYMUS
880 1593 1188 1628 HISTORICUS.
1243 1595 1322 1629 106.

267 1707 404 1740 COMES
427 1705 578 1740 Gauriae
595 1717 674 1740 cum
692 1706 894 1740 Alexandro
921 1707 1110 1742 Ruthveno
1133 1708 1252 1748 fratre,
1277 1716 1354 1752 post
1380 1713 1630 1756 peregrinatio-

267 1773 345 1795 nem
372 1762 540 1796 Gallicam
565 1762 801 1806 Italicamque,
824 1763 862 1796 in
886 1763 1037 1797 Scotiam
1055 1765 1168 1804 rediit,
1193 1765 1312 1799 habito
1329 1767 1526 1800 clanculum
1552 1780 1630 1802 cum

268 1818 476 1852 Elizabetha
500 1819 652 1864 Angliae
678 1819 799 1864 regina
824 1820 1005 1863 colloquio.
1056 1820 1091 1853 Is
1117 1821 1290 1855 nefarium
1316 1823 1514 1856 trucidandi
1540 1827 1631 1869 regis

269 1875 449 1907 consilium
469 1875 558 1913 iniit,
576 1875 635 1908 sed
653 1875 835 1908 destinatis
853 1875 973 1909 divina
996 1877 1215 1919 providentia
1238 1888 1381 1911 excusso
1403 1879 1473 1919 illo,
1499 1885 1533 1913 et
1558 1882 1630 1926 regi

271 1930 489 1964 incolumitas
515 1932 682 1970 constitit,
708 1936 743 1964 et
769 1932 913 1975 capitale
939 1933 1148 1975 supplicium
1177 1934 1218 1966 de
1248 1934 1483 1977 proditoribus
1513 1948 1631 1980 sump-

269 1991 356 2018 tum.
409 1986 526 2031 Hujus
545 1988 593 2020 rei
611 1992 652 2020 ut
668 1992 766 2032 gesta
784 1992 858 2021 erat
876 1988 1058 2021 historiam
1082 2000 1276 2033 anonymus
1300 1993 1452 2025 contexit
1477 1993 1541 2025 sub
1565 1994 1632 2026 elo-

269 2042 337 2085 gio,
356 2039 618 2075 Rutlwenmwn
639 2041 844 2087 Cory'uratio
861 2044 919 2077 lib.
941 2053 964 2077 Ι.
984 2055 1075 2078 anno
1094 2053 1208 2079 MDCI.

330 2152 610 2186 ANONYMUS
635 2154 839 2188 AUCTOR
862 2155 1114 2190 ΑΝΤΟΝΙΝΙ
1142 2157 1443 2193 ITINERARII.
1498 2164 1576 2196 107.

273 2264 558 2298 ITlNERARIUM
589 2266 681 2309 quod
711 2265 882 2299 Antonini
913 2267 1068 2314 Augusti
1099 2272 1238 2304 nomine
1268 2272 1520 2311 circumfertur,
1547 2274 1632 2306 utile

272 2331 354 2354 sane
381 2326 414 2354 et
440 2326 679 2364 pervetustum
707 2333 803 2366 opuS,
830 2333 899 2356 non
930 2334 1003 2357 esse
1033 2326 1125 2360 illius
1156 2327 1321 2371 principis
1352 2329 1461 2361 multa
1493 2329 1633 2362 convin-
