1861 2682
261 281 321 310 124
635 281 860 313 HISTORIA
885 281 1247 314 ECCLESIASTICA

309 372 409 405 Vivit
426 373 538 406 adhuc
556 374 592 405 in
612 372 736 411 Scotia,
755 373 814 405 sed
837 377 916 415 post
939 373 1114 405 diutinum
1138 383 1307 405 carcerem
1332 373 1556 406 concionandi
1578 377 1618 408 li-

261 429 393 462 bertate
410 429 579 471 privatus,
604 433 644 461 ut
662 429 775 467 audio,
794 429 915 461 saltem
934 428 1028 460 intra
1046 437 1084 460 X.
1111 428 1276 461 milliaria
1292 429 1382 461 circa
1403 430 1618 471 pomoerium

261 484 550 529 Edimburgense.

616 596 825 630 ADAMUS
851 595 1134 629 BLACATER.
1186 597 1266 628 214.

263 709 439 741 ADAMUS
458 709 628 746 Blacater‚
646 719 771 752 genere
786 707 904 745 nobili,
923 711 957 739 et
974 707 1184 740 nostratium
1202 708 1274 741 ritu
1291 709 1439 751 patriam
1458 709 1620 746 deseruit,

263 765 500 807 bonarumque
525 764 651 796 artium
677 764 792 795 studio
820 762 1000 806 Europam
1028 767 1138 796 totam
1167 764 1341 802 lustravit,
1370 763 1555 797 Cracoviae
1585 765 1621 796 in

263 820 418 858 Polonia‚
431 820 609 852 Bononiae
623 820 658 851 in
675 819 787 857 Italia,
802 819 1056 861 philosophiam
1071 818 1259 861 professus,
1273 819 1309 851 in
1328 818 1514 852 Germania
1526 831 1622 864 mag-

262 887 343 908 nam
361 876 414 908 sui
432 876 562 920 ingenii
581 875 857 908 aestimationem
874 875 1026 917 reliquit,
1051 875 1212 908 Lutetiae
1238 875 1376 908 tandem
1397 875 1564 914 substitit,
1588 881 1623 908 et

263 936 375 965 rector
399 932 633 969 renunciatus,
665 931 883 963 Tornacense
909 931 1091 975 collegilun
1117 931 1217 964 rexit.
1243 930 1335 964 Acta
1360 931 1511 964 nationis
1537 931 1622 965 Ger—

262 987 415 1020 manicae
434 988 477 1020 ad
495 987 539 1019 D.
559 986 686 1020 Cosmi.
738 986 883 1029 Scripsit

407 1042 697 1075 Dissertationem
714 1054 778 1085 pro
795 1042 997 1075 Alexandro
1019 1042 1151 1087 Magno
1175 1048 1296 1076 contra
1321 1042 1365 1076 T.
1391 1043 1486 1077 Livii
1510 1044 1623 1077 locum

457 1110 499 1132 ex
518 1098 645 1131 Decad.
666 1108 689 1130 Ι.
709 1099 766 1131 lib.
787 1108 842 1131 IX.
1135 1098 1194 1131 lib.
1214 1107 1238 1131 Ι.

410 1156 546 1189 Prodiit
563 1156 743 1200 Lugduni.

313 1213 448 1246 Claruit
467 1223 558 1245 anno
579 1220 776 1245 Mcccmx.

628 1323 939 1357 BERTRAMUS
966 1322 1129 1355 PRIOR.
1183 1325 1265 1355 215.

267 1438 530 1475 BERTRAMUS‚
549 1436 645 1479 prior
662 1436 704 1468 de
722 1435 963 1479 coldingham,
978 1435 1032 1467 vir
1049 1435 1167 1479 magni
1186 1434 1254 1468 fuit
1271 1434 1433 1473 nominis,
1448 1440 1482 1468 et
1503 1436 1539 1467 in
1558 1436 1626 1468 liti-

266 1494 330 1527 bus
357 1493 593 1526 ecclesiasticis
621 1491 848 1525 terminandis
873 1491 1028 1534 apprime
1054 1495 1223 1529 versatus,
1247 1496 1288 1523 ut
1311 1502 1354 1523 ex
1379 1491 1524 1534 epistola
1552 1491 1627 1524 Cle-

267 1550 393 1582 mentis
428 1548 495 1581 III.
531 1548 703 1591 pontificis
732 1548 852 1590 liquet,
883 1546 1084 1579 Glascuensi
1116 1551 1150 1578 et
1180 1546 1422 1579 Aberdonensi
1456 1547 1626 1590 episcopis

268 1606 397 1648 scripta
426 1604 529 1642 Pisis,
560 1603 729 1636 referente
758 1603 897 1648 Rogero
924 1603 965 1635 de
993 1602 1164 1635 Hoveden
1197 1602 1326 1635 Annal.
1355 1606 1445 1644 part.
1478 1611 1519 1635 11.
1547 1613 1626 1646 pag.

269 1668 489 1692 CCCLXVIII.
541 1659 689 1702 Scripsit

415 1713 591 1758 Epistolas
610 1716 654 1747 ad
672 1714 821 1748 Lucium
840 1720 874 1747 et
897 1714 1111 1747 Clementem
1134 1724 1238 1756 super
1260 1713 1513 1756 Episcoporum
1538 1713 1628 1746 Con-

461 1771 631 1804 troversia
1137 1770 1196 1803 lib.
1217 1779 1241 1802 Ι.

320 1827 457 1860 Floruit
475 1838 566 1860 anno
585 1834 852 1859 MCLXXXVIII.

621 1937 831 1971 THOMAS
857 1936 1149 1971 BARCLAIUS.
1201 1939 1241 1970 21
1249 1935 1280 1969 6.

276 2051 448 2083 THOMAS
479 2049 659 2083 Barclaius
689 2049 957 2087 Aberdonensis,
988 2048 1204 2093 Burdegalae
1237 2049 1459 2082 humaniores
1491 2060 1528 2083 ac
1558 2050 1633 2093 phi-

274 2105 465 2148 losophicas
506 2114 597 2138 artes
639 2106 833 2138 adolescens
875 2109 928 2137 est
969 2115 1047 2137 cum
1093 2104 1194 2137 laude
1239 2104 1414 2147 professus
1461 2105 1525 2138 sub
1573 2116 1632 2139 au-

276 2161 392 2205 spiciis
422 2160 515 2194 illius
546 2161 698 2194 Balforei
727 2160 868 2204 magni3
904 2160 1067 2193 Tolosam
1094 2164 1213 2202 postea
1248 2165 1401 2199 vocatus,
1435 2160 1632 2204 Squillanae

276 2217 411 2251 scholae
444 2216 637 2259 praefectus
672 2222 735 2255 est,
770 2216 834 2248 sub
863 2227 931 2258 quo
962 2216 1047 2248 inibi
1077 2227 1141 2260 ego
1171 2217 1343 2259 stipendia
1372 2216 1525 2249 literaria
1555 2216 1632 2249 feci.

277 2273 364 2307 Mox
381 2271 537 2305 animum
555 2273 598 2305 ad
617 2273 677 2316 jus
697 2272 842 2315 appulit,
866 2276 910 2310 et,
933 2272 1024 2315 quod
1047 2272 1094 2304 ibi
1120 2282 1190 2304 non
1215 2272 1324 2310 licuit,
1347 2271 1532 2305 Pictonum
1559 2272 1634 2305 Au-

278 2332 400 2374 gustae
434 2328 579 2362 feliciter
606 2328 746 2362 obvenit
775 2332 815 2361 ut
842 2328 1016 2370 professor
1052 2328 1168 2372 regius
1203 2327 1320 2366 fieret3
1353 2328 1406 2360 vir
1436 2327 1634 2360 felicissima
