1861 2682
296 232 357 260 284-
671 231 895 263 HISTORIA
920 232 1281 263 ECCLESIASTICA

298 322 503 368 Duglassus,
522 327 555 356 et
573 324 631 355 alii
650 334 785 356 morum
805 324 977 356 suavitate
1003 334 1041 355 ac
1066 324 1223 356 doctrina
1248 323 1412 367 insignes.
1469 323 1653 356 Florianus

296 390 398 421 porro
424 383 476 412 est
501 378 545 411 D.
574 379 751 411 Foillanus
778 380 819 411 de
845 390 913 421 quo
939 389 1054 420 supra.
1108 378 1215 411 Errat
1244 379 1280 411 in
1308 379 1561 423 Martyrologio
1587 390 1650 411 suo

298 434 461 467 Rabanus
479 446 486 466 :
515 439 535 453 ‘⁵
554 434 595 466 In
613 445 702 478 pago
722 434 905 466 Mandinse
924 434 959 465 in
979 433 1114 466 Perona
1128 435 1337 467 monasterio
1351 435 1520 477 depositio
1535 434 1651 467 Sancti

298 489 441 522 Fursaei
459 489 675 527 confessoris,
701 490 760 532 qui
783 490 819 521 in
845 489 1015 522 Hibernia
1041 494 1143 522 natus
1167 495 1200 521 et
1227 490 1393 528 nutritus,
1419 491 1569 532 patriam
1593 501 1652 532 pa-

296 550 477 588 rentesque
495 545 692 587 relinquens
710 550 825 577 sacrae
843 544 1041 587 Scripturae
1059 545 1184 577 studiis
1203 546 1335 588 aliquot
1355 546 1498 578 vacabat
1524 546 1624 578 annis
1639 558 1647 585 ς

296 601 386 632 unde
404 601 651 634 monasterium
670 601 706 632 in
724 601 874 643 quodam
894 601 1089 633 construxit
1114 601 1186 633 loco
1202 611 1210 640 ;
1238 601 1297 633 sed
1324 601 1407 633 dum
1425 601 1574 644 patriam
1593 612 1653 644 pa-

297 661 477 699 rentesque
504 657 644 688 visitare
670 661 880 699 properaret,
906 661 945 688 ut
972 656 1158 689 interillos
1184 657 1271 689 sacri
1290 657 1386 689 verbi
1405 657 1537 689 semina
1554 657 1653 699 spiri-

295 712 446 744 tualibus
464 712 649 744 seminaret
667 712 823 754 eloquiis,
841 712 991 755 quadam
1009 712 1064 744 die
1090 712 1242 755 corporis
1263 713 1477 756 aegrotantis
1495 713 1653 745 molestia

295 769 490 811 corripitur,
516 780 554 801 ac
572 768 686 801 subito
705 774 782 811 post
800 770 835 801 in
855 770 1000 802 extasim
1019 773 1150 811 raptus,
1172 768 1285 812 jacuit
1311 768 1410 811 quasi
1436 768 1605 800 exanimis
1632 779 1651 800 a

295 826 490 867 vespertina
507 825 593 856 hora
610 835 720 867 usque
738 825 780 857 ad
798 826 881 869 galli
900 830 1038 857 cantum
1055 834 1063 862 ς
1094 825 1152 856 sed
1179 825 1263 856 dum
1289 824 1331 856 ad
1350 834 1385 856 se
1403 823 1532 856 rediret
1549 834 1653 867 agno-

296 882 346 913 vit
364 881 553 925 angelicam
572 891 644 912 esse
671 880 851 919 visionem,
878 886 911 913 et
939 885 1079 923 sumpto
1102 890 1242 923 corpore
1268 884 1302 912 et
1327 879 1495 924 sanguine
1522 878 1651 911 Christi

289 937 400 979 jacuit
419 936 576 968 infirmus
595 936 671 979 ipso
689 936 744 968 die
762 941 796 969 et
814 938 932 975 altero,
952 937 1056 970 tertia
1074 947 1156 968 vero
1174 940 1273 969 nocte
1298 936 1425 968 iterum
1452 935 1495 968 ab
1521 935 1652 979 angelis

293 992 449 1024 sublatus
467 992 641 1024 mirabiles
661 992 750 1024 vidit
768 993 929 1031 visiones,
948 993 1038 1025 sicut
1055 992 1142 1024 liber
1160 992 1252 1024 vitae
1270 992 1379 1034 ipsius
1398 995 1564 1029 testatum
1593 991 1651 1023 sed

292 1053 474 1090 postquam
494 1048 535 1079 ad
554 1058 589 1080 se
607 1048 720 1086 rediit,
741 1056 813 1080 XII.
832 1059 940 1080 annos
959 1048 995 1080 in
1013 1048 1267 1090 praedicatione
1286 1047 1382 1079 verbi
1402 1046 1478 1085 Dei,
1496 1051 1529 1079 et
1547 1046 1650 1079 mira-

292 1105 448 1136 culorum
466 1103 671 1136 clarescebat
689 1104 798 1147 signis
815 1113 822 1135 z
849 1104 1036 1136 novissime
1055 1115 1135 1135 vero
1154 1103 1190 1135 in
1209 1103 1323 1136 Gallia
1336 1102 1554 1135 monasteriis
1573 1113 1651 1134 con-

291 1160 442 1198 structis,
461 1160 533 1202 ipse
551 1158 649 1191 bonis
667 1164 788 1192 auctus
807 1159 939 1192 meritis
958 1159 1037 1192 inde
1056 1159 1221 1202 mIgravit
1239 1159 1282 1191 ad
1307 1158 1499 1197 Christum,
1525 1169 1648 1200 eorpus

292 1227 373 1248 vero
392 1216 466 1260 ejus
492 1215 536 1247 ab
562 1214 782 1248 Ercanwallo
808 1216 904 1253 duce,
931 1220 964 1248 et
991 1215 1132 1247 caeteris
1159 1214 1328 1251 fidelibus,
1356 1214 1391 1245 in
1418 1213 1554 1246 Perona
1579 1224 1651 1246 mo-

293 1272 444 1305 nasteiio
476 1271 511 1303 in
544 1271 684 1303 ecclesia
715 1270 749 1303 S.
780 1271 875 1303 Pet1i
905 1271 1062 1314 apostoli,
1095 1274 1129 1302 et
1160 1274 1371 1302 caeteimum
1403 1269 1648 1311 apostolorum,

288 1329 392 1371 juxta
409 1328 518 1360 altare
543 1326 731 1359 honorifice
757 1327 935 1359 conditum
961 1325 1046 1359 est.’'
1096 1324 1276 1358 Notkems
1303 1325 1483 1363 Balbulus,
1515 1329 1550 1357 et
1577 1325 1650 1367 ipse

292 1383 537 1427 Martyrologii
556 1387 687 1421 auctor,
705 1393 783 1415 cum
803 1393 841 1414 eo
859 1383 963 1415 etiam
981 1383 1017 1414 in
1034 1386 1137 1426 gente
1155 1382 1297 1424 lapsus:
1325 1385 1345 1399 “
1363 1379 1406 1412 In
1431 1391 1521 1424 pago
1548 1380 1649 1413 Man-

290 1441 393 1472 dense
410 1440 447 1472 in
465 1439 601 1471 Perona
618 1439 827 1471 monasterio
845 1438 878 1471 S.
897 1438 971 1470 Fur
973 1438 1042 1470 saei
1059 1437 1311 1475 Hiberniensis,
1327 1436 1387 1479 qui
1402 1436 1443 1468 de
1457 1436 1520 1468 hoc
1535 1437 1649 1469 seculo

289 1501 410 1539 raptus
428 1495 538 1527 multa
556 1494 727 1526 mirabilia
753 1494 942 1536 conspexit,
969 1498 1003 1526 et
1028 1504 1188 1526 reversus
1213 1492 1419 1524 mortalibus
1446 1492 1649 1524 admiranda

290 1551 457 1589 narravit,
486 1561 524 1583 ac
549 1550 771 1593 postmodum
797 1551 834 1582 in
859 1554 998 1582 austera
1023 1549 1246 1581 destrictione
1272 1547 1513 1591 demigravit.'’
1563 1546 1648 1579 Vin-

290 1612 377 1640 cent.
413 1607 547 1650 Specul.
582 1606 641 1638 lib.
678 1614 799 1638 xxm.
831 1616 904 1648 cap.
940 1614 1085 1638 Lxxxr
1122 1612 1283 1636 Lxxxn.
1321 1612 1499 1636 Lxxxm.
1552 1603 1647 1636 Petri

291 1663 495 1696 venerabilis
525 1673 622 1695 error
651 1662 835 1700 tollendus,
866 1662 925 1704 qui
956 1661 1015 1694 lib.
1048 1670 1102 1693 XI.
1134 1670 1206 1702 cap.
1239 1668 1364 1692 CXXX.
1401 1657 1559 1691 Fuscum
1590 1660 1647 1691 de-

290 1724 434 1762 pravate
460 1724 568 1751 vocat.
618 1717 773 1750 Exstant
790 1718 912 1761 hymni
932 1726 972 1749 11.
999 1718 1035 1749 in
1062 1717 1136 1760 ejus
1163 1715 1273 1756 sancti
1298 1715 1446 1753 laudem,
1471 1726 1557 1758 quos
1584 1714 1647 1747 Pe-

291 1781 365 1808 trus
402 1775 605 1808 peronensis
641 1773 888 1807 Benedictinus
917 1772 1185 1806 communicavit
1216 1781 1295 1803 cum
1323 1770 1482 1803 Arnoldo
1510 1770 1646 1803 Uvione

290 1832 348 1865 lib.
378 1841 435 1864 111.
462 1831 542 1875 Lig.
568 1829 672 1863 Vitae
698 1840 777 1874 pag.
806 1838 920 1863 XXVI.
972 1829 1088 1863 Verba
1114 1828 1218 1861 etiam
1246 1826 1422 1859 Francisci
1449 1826 1645 1870 Maurolyci

291 1899 473 1931 apponam,
488 1887 580 1930 quod
593 1885 791 1918 Foillanum
805 1887 953 1928 appellet
963 1882 1165 1921 Folicmum,
1180 1887 1215 1915 et
1228 1893 1297 1915 uno
1311 1882 1366 1915 die
1377 1883 1484 1915 trium
1495 1882 1644 1915 fratrum

290 1945 326 1976 in
348 1942 602 1987 Martyrologio
628 1952 691 1974 suo
718 1941 928 1974 mentionem
954 1940 1069 1978 faciat,
1095 1950 1173 1972 cum
1199 1943 1332 1971 constet
1357 1939 1503 1971 diversis
1525 1938 1646 1971 diebus

291 1999 470 2032 colendos:
497 1998 546 2031 ita
563 1998 643 2030 ille:
671 2001 691 2015 ‘⁶
710 1997 848 2029 Parona
864 1996 1074 2028 monasterio
1093 1995 1237 2027 Fursaei
1256 1994 1402 2031 abbatis,
1420 1998 1454 2026 et
1471 1994 1590 2026 fratris
1609 1993 1643 2026 S.

290 2055 427 2088 Foliani
451 2054 627 2097 martyris,
653 2053 713 2095 qui
739 2057 860 2095 raptus
886 2052 923 2083 in
948 2052 1094 2084 extasim
1120 2051 1231 2083 multa
1256 2051 1348 2082 vitae
1374 2050 1517 2083 alterius
1540 2050 1645 2082 mira-

290 2111 373 2144 bilia
390 2110 528 2148 vidisse,
548 2113 652 2152 atque
670 2109 706 2141 in
733 2107 914 2145 Hibernia,
941 2107 1066 2144 scotia,
1094 2112 1128 2140 et
1154 2107 1230 2139 aliis
1256 2106 1385 2139 Oceani
1409 2105 1571 2139 Glacialis
1594 2107 1645 2138 in-

290 2167 387 2205 sulis,
406 2166 490 2198 item
508 2166 543 2198 in
563 2164 714 2198 Saxonia
732 2164 958 2206 praedicasse,
978 2168 1011 2196 et
1035 2165 1070 2196 in
1089 2163 1202 2196 Gallia
1220 2163 1392 2206 quievisse
1409 2161 1643 2204 perhibetur.'’

290 2222 345 2256 Ita
372 2222 482 2255 bonus
512 2221 569 2254 ille
597 2221 736 2253 Siculus
764 2219 914 2253 scotiam
943 2225 977 2252 et
1007 2219 1214 2252 Hiberniam
1241 2217 1403 2251 Glacialis
1434 2217 1563 2250 Oceani
1590 2218 1642 2249 in-

289 2280 381 2312 sulas
399 2277 623 2311 existimavit.
675 2275 741 2310 Est
768 2280 802 2309 et
827 2276 956 2309 mentio
982 2277 1018 2308 in
1047 2274 1229 2308 Addition.
1258 2274 1391 2307 Molani
1418 2274 1461 2306 ad
1488 2272 1639 2306 Usuardi
