1861 2682
278 234 340 264 226
653 234 877 265 HISTORIA
901 233 1263 265 ECCLESIASTICA

280 332 336 359 tus
362 326 465 359 homo
490 325 676 358 Eduardus
704 325 731 357 I.
761 324 911 368 Angliae
936 334 1007 362 rex,
1038 324 1179 357 absente
1204 324 1358 356 Roberto
1384 322 1512 356 Brusio
1538 335 1630 369 rege,

280 382 430 414 scotiam
449 381 638 418 invaderet,
664 390 713 418 ac,
737 380 830 422 quod
854 379 1068 422 impietatem
1092 390 1264 411 summam
1291 378 1552 422 barbariemque
1578 391 1635 413 ne-

280 437 519 469 fandissimam
536 437 702 479 loquitur,
722 446 817 468 sacra
834 434 988 478 profanis
1006 435 1175 473 misceret,
1195 434 1408 477 direptisque
1432 434 1634 468 Melrosien-

280 493 309 525 si
327 497 359 525 et
378 492 620 536 Dryburgensi
639 491 810 524 coenobiis
834 491 945 533 ipsam
971 489 1215 522 eucharistiam
1233 490 1400 528 violaret3
1427 501 1496 533 quo
1520 495 1636 523 tantae

282 547 430 581 feritatis
451 547 601 580 facinore
619 552 733 579 motus
752 546 935 583 Patricius,
954 545 1093 588 scripsit
1110 549 1144 578 et
1162 546 1321 590 vulgavit

424 602 476 635 De
491 602 696 636 Monasterii
711 603 765 635 sui
779 601 993 644 Direptione,
1012 611 1124 639 versu,
1139 601 1183 633 ad
1197 601 1329 646 Regem
1347 606 1451 645 atque
1469 601 1636 635 Coenobi-

472 669 571 690 orum
590 658 723 695 Patres,
1147 656 1206 689 lib.
1226 666 1251 689 Ι.

330 714 492 747 Florebat
509 724 599 746 anno
618 721 827 746 Mcccxxx.
879 711 1170 745 Scotichronicon.

630 823 862 857 MICHAEL
888 822 1159 856 DIRLETON.
1212 825 1292 856 418.

281 937 474 970 MicHAEL
495 935 696 969 Dirletonus
717 935 979 975 Franciscanus,
999 940 1034 969 et
1051 935 1184 979 primus
1203 936 1420 978 praepositus
1443 936 1536 969 illius
1560 938 1635 975 loci,

281 994 417 1036 scripsit

423 1047 481 1080 Ad
499 1047 681 1081 Valterum
701 1048 924 1087 Haliburton,
942 1048 1190 1087 Fundatorem,
1210 1047 1371 1086 Militem,
1410 1048 1469 1081 lib.
1490 1057 1514 1080 1.

426 1104 593 1136 Lecturas
612 1104 647 1135 in
667 1103 822 1137 Psalmos
1412 1104 1470 1137 lib.
1491 1113 1515 1136 Ι.

423 1159 600 1204 Logicalia
1408 1160 1467 1192 lib.
1489 1168 1512 1191 1.
1526 1158 1635 1203 Egre—

470 1216 565 1259 gium
585 1226 682 1258 opus,
701 1216 750 1248 ait
768 1215 1015 1248 Scotichronici
1033 1216 1255 1249 continuator
1272 1215 1478 1248 Maculloch.

327 1271 427 1304 Vixit
445 1282 535 1304 anno
554 1280 799 1303 MCCCCXLIV.

655 1381 813 1415 DAVID
839 1381 1127 1415 DUGLASIUS.
1181 1384 1261 1419 419.

282 1483 416 1526 DAV1D
444 1493 645 1538 Duglasius,
673 1495 808 1527 comitis
831 1493 1034 1527 Archibaldi
1058 1495 1198 1538 gentilis
1223 1505 1262 1527 ac
1285 1500 1499 1534 coaetaneuS,
1524 1497 1636 1539 primo

283 1551 317 1582 in
337 1549 458 1582 Galliis
479 1551 602 1583 celebri
622 1551 760 1583 nomine
779 1550 904 1594 viguit.
954 1550 1044 1594 Ejus
1063 1555 1165 1583 sunt:

428 1605 482 1638 De
500 1606 656 1638 Naturae
675 1606 895 1638 Mirabilibus
1186 1606 1245 1638 lib.
1266 1614 1290 1638 Ι.
1310 1606 1445 1640 Prodiit
1463 1607 1634 1640 Lutetiae.

425 1660 589 1694 Defensio
615 1662 654 1694 C.
683 1662 800 1699 Plinii,
827 1662 903 1694 MS.
931 1663 1022 1704 apud
1049 1662 1193 1694 Petrum
1220 1661 1415 1700 Petmium,
1442 1668 1634 1695 senatorem

473 1718 620 1762 regium,
647 1718 683 1750 in
709 1718 879 1760 superiori
906 1718 1174 1762 contignatione,
1201 1717 1260 1750 lib.
1288 1727 1311 1749 1.
1342 1729 1411 1761 quo
1437 1729 1538 1760 opere
1567 1729 1636 1751 non

474 1774 542 1818 legi
556 1774 709 1812 doctius;
729 1785 807 1806 eum
821 1774 913 1805 enim
931 1779 1105 1807 auctorem
1124 1785 1144 1806 a
1161 1774 1342 1806 calumniis
1360 1774 1518 1812 aliorum,
1537 1775 1636 1807 colla—

475 1829 567 1861 tione
585 1829 770 1873 diligenter
786 1829 887 1867 facta,
906 1830 1069 1862 acerrime
1087 1830 1250 1861 vindicat.

427 1884 665 1917 Historiarum
684 1890 757 1918 toto
775 1885 856 1918 orbe
874 1885 1040 1928 Synopsis
1195 1885 1253 1917 lib.
1274 1894 1298 1917 Ι.

425 1940 591 1973 Poemata
609 1951 705 1973 sacra
1195 1940 1253 1973 lib.
1274 1950 1297 1972 1.

332 1996 468 2028 Floruit
487 2007 578 2028 anno
598 2004 749 2028 MDXXI.

655 2090 881 2122 JOANNES
906 2090 1132 2123 DUMBAR.
1185 2093 1265 2125 420.

285 2162 472 2194 JOANNES
498 2162 656 2194 Dumbar
682 2161 943 2195 Gallovidianus
971 2163 1031 2195 diu
1057 2164 1093 2195 in
1121 2164 1242 2197 Galliis
1270 2165 1437 2204 substitit,
1468 2172 1501 2199 et
1532 2167 1636 2199 bonas

285 2223 375 2251 artes
405 2217 548 2251 Parisiis
576 2223 679 2260 atque
710 2217 880 2250 Tholosae
905 2219 1035 2257 didicit,
1064 2219 1231 2263 Rupellae
1261 2221 1387 2259 docuit,
1418 2222 1636 2254 celeberrima

286 2274 388 2312 fama,
419 2279 453 2306 et
483 2278 582 2318 grata
611 2274 846 2307 recordatione
877 2274 1015 2307 nomine
1050 2276 1113 2308 sibi
1145 2277 1335 2310 conciliato.
1399 2277 1487 2310 Sunt
1522 2279 1564 2310 ab
1598 2289 1636 2310 eo
