1861 2682
264 249 324 279 194
637 247 860 278 HISTORIA
885 247 1245 278 ECCLESIASTICA

263 339 428 377 rentibus,
456 343 726 381 componeretur.
778 337 888 369 Duaci
919 342 1036 379 postea
1065 343 1099 370 et
1125 338 1273 370 doctoris
1300 342 1333 369 et
1358 338 1499 370 rectoris
1526 349 1611 370 onus

261 395 437 432 sustinuit,
463 394 522 426 ubi
544 404 603 426 seu
626 394 772 425 tutelare
796 403 922 424 numen
942 392 1131 424 etiamnum
1149 392 1361 429 celebratum
1389 392 1431 424 ad
1449 393 1610 425 ultimum

263 450 444 482 Nerviensi
491 449 649 481 ecclesiae
696 448 797 480 hodie
838 447 1134 489 poenitentiarius,
1176 447 1332 490 ingentes
1375 452 1408 480 et
1451 448 1610 490 opinione

261 506 408 548 majores
427 515 547 537 census
565 504 715 546 reliquit,
736 513 821 545 quos
840 506 1045 534 testamento
1064 501 1245 534 Scotorum
1264 502 1425 535 Lutetiae
1444 505 1502 534 vix
1527 503 1611 535 bene

262 560 406 592 fundato
424 559 616 604 assignavit
639 558 802 602 Collegio,
827 558 885 590 sed
912 557 1032 589 fraude
1055 568 1116 600 per
1141 562 1337 591 executores
1361 558 1462 596 facta,
1487 569 1610 601 parum

261 617 316 658 pio
335 616 411 648 usui
430 615 580 647 accessit.
625 613 693 645 Hic
711 614 815 645 etiam
828 613 1049 656 juventutem
1072 613 1226 646 Thomae
1243 613 1440 656 Dempsteri
1458 614 1611 646 honestis

261 671 399 703 monitis
439 671 481 702 ad
522 670 687 702 virtutem
731 668 971 710 capessendam
1013 669 1176 707 accendit,
1219 674 1339 702 auctor
1380 673 1420 701 ut
1462 670 1612 702 triennio

260 727 368 759 Duaci
403 726 604 758 subsisteret
637 736 714 756 cum
744 724 893 767 juvenili
934 724 1066 766 impetu
1110 724 1260 758 Parisios
1302 725 1479 768 cogitaret.
1547 724 1611 756 Vir

262 787 332 814 erat
351 792 477 825 magna
498 781 680 822 probitate,
704 784 738 812 et
759 779 914 823 jucunda
940 790 1086 818 morum,
1114 790 1220 822 supra
1244 790 1347 823 quam
1374 780 1464 812 credi
1491 781 1610 822 possit,

262 838 452 875 suavitate3
484 846 654 878 nusquam
686 835 847 873 liberalis,
880 835 946 868 nisi
976 846 1052 868 cum
1087 837 1145 878 pia
1174 836 1328 868 subesset
1359 846 1470 868 causa.
1523 835 1612 878 Ejus

264 898 363 925 sunt:

405 949 587 982 Orationes
606 948 786 981 Rectoriae
1059 956 1117 980 111.
1149 947 1260 980 Duaci
1277 947 1490 990 prodierunt.

404 1004 623 1049 Geographia
641 1003 804 1036 Universi
977 1003 1035 1036 lib.
1057 1012 1107 1035 1V.
1152 1003 1253 1035 Hanc
1276 1013 1345 1035 non
1368 1003 1450 1041 vidi,
1475 1008 1514 1035 ut
1537 1004 1612 1035 reli-

451 1071 529 1103 qua,
548 1060 606 1092 sed
626 1071 725 1102 saepe
743 1070 763 1091 a
780 1058 1026 1091 recentioribus
1044 1059 1181 1097 citatur,
1205 1059 1405 1101 praesertim
1424 1069 1444 1091 a
1463 1058 1613 1090 Purcha-

452 1117 512 1154 sio,
532 1116 686 1160 Magino,
704 1121 738 1148 et
755 1116 842 1148 aliis.

405 1173 456 1205 De
474 1172 653 1205 Laudibus
672 1171 915 1214 Philosophiae
1173 1170 1231 1202 lib.
1254 1179 1277 1201 Ι.

402 1228 567 1272 Analysis
585 1228 622 1259 in
639 1226 841 1260 Aristotelis
859 1226 1021 1270 Logicam
1175 1225 1233 1257 lib.
1254 1234 1277 1257 Ι.

401 1283 566 1327 Analysis
584 1284 620 1315 in
637 1282 836 1316 Aristotelis
855 1281 1039 1324 Physicam
1174 1281 1232 1313 lib.
1253 1290 1276 1312 Ι.

404 1339 570 1382 Analysis
588 1339 625 1370 in
643 1338 844 1371 Aristotelis
863 1337 1025 1369 Ethicam
1176 1336 1234 1369 lib.
1256 1345 1279 1368 Ι.

404 1395 569 1437 Analysis
587 1394 624 1426 in
641 1393 840 1426 Aristotelis
859 1392 1131 1435 Metaphysicam
1175 1392 1233 1425 lib.
1256 1401 1277 1424 ῐ.
1302 1391 1389 1424 Tres
1400 1392 1530 1434 priores
1544 1393 1610 1436 legi

454 1450 596 1482 Parisiis
615 1459 778 1487 excusas;
799 1460 841 1481 an
860 1452 984 1491 quarta
1000 1448 1176 1490 prodierit,
1192 1447 1361 1480 affirmare
1379 1447 1471 1479 haud
1490 1448 1611 1484 ausim,

452 1507 524 1548 ipse
542 1510 631 1538 certe
649 1505 818 1547 promisit.

405 1561 583 1604 Epistolae
1170 1559 1228 1591 lib.
1252 1567 1274 1590 1.

311 1618 406 1651 Obiit
426 1616 575 1650 Tornaci
593 1616 629 1648 in
647 1616 787 1648 Nerviis
806 1627 895 1648 anno
916 1624 1044 1648 MDCII.

649 1726 806 1760 DAVID
832 1726 1088 1759 CHALMER.
1141 1729 1221 1759 351.

266 1842 397 1873 DAx-in
425 1840 595 1877 Chalmer,
627 1840 699 1871 sive
725 1839 953 1877 Camerarius,
980 1838 1247 1876 Aberdonensis,
1278 1839 1315 1870 in
1341 1837 1462 1870 Galliis
1490 1838 1611 1870 celebri

264 1898 447 1929 admodum
481 1896 619 1928 nomine
654 1895 752 1932 vixit,
787 1895 841 1926 vir
874 1895 1002 1926 multae
1033 1898 1066 1926 et
1099 1894 1213 1926 variae
1253 1894 1419 1932 lectionis,
1464 1904 1523 1926 nec
1561 1894 1611 1925 in-

265 1954 396 1984 :unoeni
415 1952 556 1996 ingenii.
607 1950 751 1993 Scripsit
769 1949 899 1982 Gallico
917 1950 1078 1982 idiomate
1096 1949 1213 1988 varia3
1241 1954 1275 1982 et
1291 1950 1326 1981 in
1345 1950 1398 1981 his
1417 1954 1467 1982 est

407 2007 569 2050 Epitome
600 2006 815 2044 Pontificum,
845 2004 1108 2047 Imperatorum,
1136 2004 1282 2048 Regum,
1308 2005 1506 2047 Rerumque
1538 2009 1611 2036 toto

455 2063 548 2095 Orbe
565 2066 751 2106 gestarum,
1172 2060 1231 2092 lib.
1251 2069 1274 2092 Ι.

407 2118 537 2151 Rerum
556 2117 766 2150 scoticarum
785 2116 950 2159 Synopsis
1171 2116 1230 2149 lib,
1252 2126 1275 2149 Ι.

316 2175 412 2206 Vixit
427 2184 516 2206 anno
532 2181 725 2205 MDLXXII.
760 2171 898 2204 Laudat
912 2171 1106 2204 Richardus
1120 2171 1223 2205 Vitus
1243 2173 1300 2205 lib.
1319 2181 1342 2204 1.
1362 2172 1454 2205 Hist.
1475 2172 1607 2204 Britan.

267 2237 346 2263 nota
366 2238 514 2262 xxxm.
535 2229 591 2261 lib.
613 2236 664 2260 lv,
683 2232 764 2261 nota
783 2236 806 2259 1.
825 2227 882 2259 lib.
903 2236 955 2260 Π.
975 2233 1056 2260 nota
1074 2236 1204 2260 XXVII.
