1861 2682
295 215 356 244 252
664 214 889 246 HISTORIA
913 214 1273 246 ECCLESIASTICA

296 317 378 348 pum
405 306 487 339 facit
513 305 641 344 Uvion,
667 306 726 338 sed
749 307 861 337 locum
884 316 953 337 non
979 306 1151 348 exprimit.
1203 305 1458 338 Cameracensis
1483 306 1644 342 historio-

295 362 470 405 graphus:
497 366 517 380 “
539 360 580 393 In
606 360 699 393 Villa
725 359 856 392 Fescau
882 359 916 393 S.
936 360 1022 393 Etto
1039 360 1161 394 Scotus
1179 361 1234 403 pie
1252 363 1515 401 conversatus;⁷’
1545 369 1641 397 notat

298 417 548 450 Constantinus
567 415 727 448 Ghinius.

738 511 772 544 S.
798 509 1064 544 EUCHINUS.
1116 509 1196 544 461.

294 583 354 616 DE
374 584 408 616 S.
428 583 589 617 Euchino
606 584 761 616 antistite
780 583 881 616 Hect.
902 582 1069 614 Boethius
1086 583 1144 615 lib.
1164 592 1250 617 V111.
1271 584 1364 617 Hist.
1384 584 1474 618 Scot.
1500 586 1536 618 in
1554 587 1644 620 fine:

296 644 315 658 “
333 639 429 672 Inter
446 643 615 672 nostrates
633 639 855 677 Colmannus,
874 638 1024 675 Priscus,
1044 637 1224 678 Medanus,
1243 639 1426 679 Modanus,
1452 645 1486 674 et
1512 641 1642 675 Euchi-

294 705 370 733 nus,
389 695 546 738 episcopi,
572 694 703 727 Christi
727 693 898 738 dogmatis
922 704 984 736 per
1009 693 1189 727 Scotorum
1215 700 1249 728 et
1276 695 1452 730 Pictorum
1474 709 1575 742 agros
1594 699 1641 742 pii

294 750 578 784 concionatores?
628 749 718 794 Ejus
736 755 840 783 sunt:

435 805 623 839 Conciones
641 805 717 849 piae
1156 805 1214 839 lib.
1234 815 1258 839 1.

436 860 575 894 Statuta
591 860 833 894 Ecclesiastica
1157 862 1215 895 lib.
1236 871 1260 894 1.

340 917 369 949 F
371 917 476 950 loruit
493 927 583 949 anno
602 925 775 949 DXXXIV.
827 916 869 949 In
892 916 952 949 SS.
977 917 1091 950 album
1116 918 1263 951 relatum
1288 918 1406 952 scribit
1432 918 1533 953 Joan.
1560 920 1642 954 Les-

292 975 385 1006 laeus
402 973 462 1006 lib.
483 981 534 1005 IV.
553 983 631 1017 pag.
651 981 803 1005 CXLvn.
855 972 991 1005 Colitur
1009 981 1155 1006 xxvm.
1175 973 1340 1018 Augusti.

732 1084 766 1117 S.
793 1083 1074 1117 EUSTASIUS.
1127 1083 1206 1117 462.

291 1196 324 1227 S.
344 1195 573 1234 EUSTASIUS,
592 1206 652 1228 seu
670 1194 881 1228 Eustachius
904 1199 945 1227 ut
962 1194 1082 1233 fertur,
1106 1195 1140 1228 S.
1159 1195 1411 1229 Columbanum
1433 1198 1639 1242 magistrum

291 1262 392 1284 suum
410 1251 447 1283 in
464 1251 594 1284 Gallias
616 1256 765 1284 secutus.
817 1250 958 1283 Scotum
975 1251 1098 1293 probat
1116 1251 1199 1284 Vita
1218 1251 1311 1284 illius
1329 1253 1439 1286 sancti
1456 1255 1637 1298 magistri;

292 1317 382 1346 nam,
404 1307 474 1352 [uti
493 1306 620 1350 tradit]
644 1307 752 1340 Jonas
776 1307 812 1339 in
836 1317 885 1345 ea,
909 1317 981 1348 cap.
1002 1315 1090 1338 XIII.
1115 1311 1149 1339 et
1171 1318 1243 1350 cap.
1270 1316 1389 1340 XXIII.
1408 1310 1558 1354 relegato
1576 1310 1639 1343 Co-

290 1363 463 1402 lumbano,
482 1362 575 1396 Scoti
593 1364 657 1396 soli
675 1373 753 1396 eum
771 1363 869 1405 sequi
892 1362 1071 1405 permissi3
1097 1367 1172 1395 tum
1195 1363 1260 1402 hic,
1279 1374 1356 1396 cum
1378 1365 1552 1399 debuisset
1572 1367 1639 1399 dis-

292 1419 419 1457 cedere,
438 1419 481 1452 ab
498 1420 681 1458 avunculo,
708 1419 768 1462 qui
794 1419 959 1463 Lugduni
982 1417 1118 1451 Clanati
1141 1419 1330 1462 episcopus,
1353 1425 1530 1454 retentus:
1557 1433 1638 1466 ergo

291 1473 411 1507 Gallus
434 1485 503 1508 non
526 1474 605 1513 fuit,
627 1486 707 1507 nam
737 1475 821 1508 alias
851 1475 934 1517 quid
963 1473 1086 1506 fuisset
1116 1485 1201 1517 opus
1227 1476 1432 1509 auctoritate
1458 1478 1636 1521 episcopi?

290 1528 378 1562 Vide
396 1529 515 1563 Vitam
533 1530 567 1563 S.
586 1530 751 1564 WValerici
769 1535 853 1563 tom.
874 1539 915 1562 11.
933 1529 1027 1563 Surii
1047 1538 1070 1561 1.
1089 1529 1202 1572 April.
1254 1530 1399 1574 Scripsit

434 1586 639 1619 Columbani
657 1586 729 1619 Iter
746 1587 828 1620 dum
847 1587 883 1619 in
901 1586 1041 1619 exilium
1060 1585 1331 1628 proficisceretur
1410 1587 1468 1620 lib.
1490 1597 1512 1620 1.
1563 1589 1637 1622 An-

481 1649 551 1676 ton.
572 1643 749 1676 Possevin.

338 1699 459 1736 Qualis
477 1699 533 1731 ille
551 1698 667 1737 fuerit,
686 1707 719 1732 et
742 1703 893 1742 quantus
911 1699 975 1737 vir,
1000 1709 1042 1730 ex
1068 1698 1264 1731 auctoribus
1289 1698 1469 1731 laudandis
1493 1700 1635 1742 patebit.

291 1752 397 1786 Jonas
423 1755 459 1786 in
483 1754 627 1797 praefat.
657 1755 700 1787 ad
723 1754 842 1787 Vitam
867 1754 1083 1792 Columbani,
1108 1754 1157 1786 sic
1182 1754 1296 1786 enim:
1324 1758 1343 1772 ‘⁶
1366 1754 1462 1791 Quae
1488 1766 1550 1788 nos
1576 1767 1637 1799 per

291 1809 502 1842 venerabiles
527 1810 620 1842 viros
644 1809 802 1843 Attalam
828 1815 861 1843 et
884 1809 1088 1843 Eustasium
1112 1810 1303 1848 didicimus,
1329 1821 1475 1852 quorum
1501 1812 1634 1854 primus

290 1864 481 1903 Bobiensis‚
500 1866 668 1899 secundus
686 1866 917 1899 Luxoviensis
935 1865 1098 1904 coenobii,
1117 1877 1185 1908 quo
1203 1876 1263 1898 vos
1281 1867 1455 1908 praesules
1473 1867 1633 1906 existitis,

291 1931 498 1953 successores
516 1921 688 1954 fue1·unt.'’
738 1921 914 1964 Anonym.
933 1922 969 1953 in
987 1921 1070 1954 Vita
1094 1921 1239 1954 Faronis
1258 1922 1407 1964 episcopi
1426 1922 1634 1956 Meldensis:

291 1980 310 1994 ‘⁶
328 1975 526 2009 walbertus
544 1988 564 2009 a
581 1976 616 2009 S.
636 1977 860 2016 Columbano,
885 1987 962 2009 cum
980 1976 1087 2009 fratre
1111 1976 1332 2015 Chalnoaldo,
1356 1982 1390 2010 et
1413 1978 1512 2011 beato
1529 1978 1635 2023 Agilo

290 2032 359 2063 filio
377 2030 562 2076 Agnoaldi,
580 2033 640 2075 qui
657 2032 723 2065 fuit
747 2031 912 2076 Aguerici
935 2032 1052 2071 frater,
1077 2033 1225 2065 traditus
1251 2037 1302 2065 est
1320 2032 1521 2072 Eustachio,
1540 2045 1634 2079 mag-

290 2099 353 2121 nae
370 2088 544 2120 doctrinae
562 2093 595 2120 et
614 2087 806 2120 sanctitatis
826 2088 911 2126 viro,
929 2088 1105 2132 ipsiusque
1119 2088 1324 2121 Columbani
1344 2089 1521 2131 discipulo,
1536 2091 1634 2123 insti-

291 2144 469 2176 tuendus.''
487 2142 669 2176 Walafrid.
688 2142 801 2176 Strab.
820 2143 855 2174 in
874 2143 957 2176 Vita
976 2143 1064 2176 Galli
1083 2144 1230 2177 Abbatis
1244 2155 1316 2186 cap.
1332 2153 1462 2177 XXVII.
1482 2149 1502 2163 ‘⁶
1515 2145 1633 2179 Abbas

290 2199 487 2231 monasterii
505 2199 597 2241 quod
614 2198 812 2232 Luxovium
835 2199 969 2237 dicitur,
993 2200 1130 2232 nomine
1153 2199 1373 2237 Eustachius,
1398 2211 1501 2243 quem
1525 2201 1631 2233 bonae

290 2254 472 2287 memoriae
484 2254 716 2288 Columbanus
729 2254 838 2287 eidem
848 2254 920 2287 loco
931 2254 1103 2297 praefecit,
1111 2255 1153 2287 ab
1165 2255 1224 2299 huj
1230 2265 1269 2288 us
1281 2255 1383 2288 exilio
1392 2256 1482 2288 vitae
1493 2256 1535 2288 ad
1547 2267 1632 2288 sem-
