1861 2682
598 254 771 287 GENTIS
796 252 1067 291 SCOTORUM,
1093 252 1180 284 LIB.
1205 251 1280 283 VII.
1558 251 1620 281 325

301 349 400 382 Obiit
418 348 633 393 Rothomagi
651 359 742 381 anno
762 355 935 380 MDCXVI.
962 347 1086 380 aetatis
1104 356 1187 379 suae
1208 356 1263 379 an.
1285 352 1473 378 CXXXVII.
1501 344 1620 376 vivace

253 405 365 438 adhuc
383 405 561 443 memoria,
579 415 618 437 ac
636 404 814 437 stomacho
832 403 951 441 habili,
969 413 1032 436 nec
1049 403 1129 436 visu
1147 401 1325 441 inefficaci,
1352 402 1448 434 nulla
1467 401 1621 443 corporis

255 467 363 503 parte,
383 461 451 494 nisi
469 460 625 504 pedibus,
644 461 681 493 in
699 465 799 494 tanto
816 459 912 493 senio
929 459 1142 492 debilitatus.

643 570 874 606 JOANNES
900 570 1097 607 GRAIUS,
1150 569 1231 606 607.

255 685 437 718 MARTYR
448 683 471 716 J
474 694 603 717 oannes
615 683 755 723 Graius,
768 683 1020 716 Franciscanae
1032 683 1185 716 familiae
1203 683 1328 722 socius,
1342 682 1623 726 praevalentibus

255 742 348 774 domi
367 740 623 773 haereticorum
641 740 787 779 viribus,
806 744 942 773 armata
967 739 1117 773 factione
1143 740 1261 772 omnia
1286 740 1495 783 possidente,
1522 739 1624 771 cessit

254 797 377 836 furori,
404 801 439 830 et
464 796 501 829 in
527 796 691 841 Belgium
717 795 905 839 profectus,
932 807 1011 829 cum
1033 797 1108 841 jam
1135 796 1423 841 septuagenarius
1450 800 1551 834 esset,
1580 795 1623 828 ab

255 853 436 886 haereticis
464 852 606 885 nefariis
631 852 773 885 Geuziis
799 852 843 885 ad
870 852 984 895 ipsum
1011 853 1119 885 altare
1145 853 1272 896 majus,
1299 857 1379 885 ante
1405 863 1538 885 sacram
1565 862 1624 884 eu-

255 909 468 947 charistiam,
487 908 658 952 martyrio
676 913 728 941 est
746 907 901 942 affectus.
952 907 1077 941 Franc.
1097 908 1266 952 Gonzaga
1282 919 1316 952 p.
1337 917 1361 941 1.
1380 919 1460 953 pag.
1480 916 1558 941 CIV.
1583 908 1624 940 de

255 965 402 1011 Origine
420 965 617 1010 Religionis
635 964 851 1008 Seraphicae.
904 963 1063 1008 Scripsit,
1084 969 1166 998 ante
1184 975 1363 1009 egressum
1381 976 1399 998 e
1416 964 1542 1008 patria,

402 1021 615 1066 Theologica
632 1021 802 1065 quaedam
1105 1021 1164 1054 lib.
1185 1029 1209 1053 Ι.
1228 1021 1288 1054 sed
1305 1032 1377 1055 non
1395 1021 1478 1054 vidi.

398 1077 577 1121 Epistolas
595 1081 674 1121 post
691 1087 870 1110 excessum
888 1088 906 1110 e
924 1077 1039 1120 patria
1104 1077 1162 1110 lib.
1183 1086 1207 1110 1.

305 1134 466 1167 Excessit
491 1139 628 1177 martyr
654 1133 842 1173 Bruxellis,
870 1133 907 1166 in
933 1133 1008 1176 ipso
1034 1133 1199 1167 coenobio
1225 1145 1299 1172 suo,
1326 1144 1418 1167 anno
1443 1141 1623 1166 MDLXIX.

255 1190 422 1223 Meminit
440 1189 615 1223 Henricus
634 1189 796 1223 Sedulins
814 1190 852 1222 in
869 1189 997 1223 Coroll.
1023 1189 1158 1223 Histor.
1184 1190 1328 1233 Seraph.
1353 1201 1434 1235 pag.
1454 1198 1625 1223 DCXCIII.

255 1246 358 1279 Vitae
387 1246 462 1290 ejus
493 1246 724 1289 martyriique
752 1250 829 1279 acta
854 1251 889 1279 et
917 1246 1060 1279 modum
1090 1246 1203 1279 fusius
1231 1258 1274 1279 ex
1303 1246 1434 1280 Latina
1465 1246 1627 1280 Historia

257 1303 459 1346 Martyrum
478 1301 791 1335 Franciscanorum
811 1301 932 1335 Italice
955 1303 1137 1335 transtulit
1162 1302 1290 1336 Daniel
1316 1303 1520 1341 Perusinus,
1547 1308 1582 1336 et
1607 1314 1628 1336 a

256 1359 426 1403 theologis
446 1358 540 1391 illius
558 1358 668 1390 sancti
687 1358 820 1391 ordinis
837 1359 994 1402 probata,
1021 1358 1200 1392 Cardinali
1226 1358 1249 1391 J
1252 1359 1429 1392 ustiniano
1446 1359 1624 1402 inscripta.

257 1414 366 1447 Errat
393 1419 521 1452 tamen,
548 1414 609 1457 qui
635 1414 736 1446 illum
760 1425 778 1446 e
805 1414 988 1447 Scotorum
1014 1414 1150 1448 familia
1175 1416 1363 1448 oriundum
1389 1416 1540 1459 putavit,
1567 1416 1628 1459 qui

257 1471 446 1504 Graiorum
465 1474 550 1509 erat,
574 1481 648 1514 cap.
667 1479 752 1503 XLI.
777 1469 954 1503 infinitum
978 1471 1098 1514 populi
1117 1471 1358 1504 Bruxellensis
1380 1472 1551 1516 gemitum
1578 1483 1628 1506 se-

257 1528 379 1570 quenti
397 1527 520 1559 deinde
538 1527 651 1570 capite
669 1535 771 1559 XLII.
798 1527 1012 1570 exsequitur,
1040 1518 1181 1567 addens,
1209 1533 1230 1547 ‘⁶
1253 1528 1392 1561 infirmo
1418 1529 1567 1567 cuidam,
1594 1534 1628 1561 et

257 1584 358 1628 gravi
377 1582 498 1616 morbo
514 1583 698 1622 laboranti,
717 1588 851 1616 attactu
869 1583 944 1627 ejus
962 1585 1144 1629 sanguinis
1170 1585 1357 1618 sanitatem
1383 1586 1581 1618 restitutam
1597 1586 1627 1617 :⁵⁷

256 1651 330 1682 cap.
358 1648 478 1672 XLIII.
512 1638 688 1672 fusissime
720 1639 871 1672 Scotiam
903 1639 1092 1684 Scotosque
1122 1645 1244 1674 auctor
1273 1642 1331 1674 ille
1361 1642 1507 1679 extollit,
1538 1641 1627 1674 hanc

257 1701 426 1739 tanquam
454 1699 634 1738 parentem
666 1696 891 1739 altricemque
916 1695 1098 1729 doctorum
1129 1702 1164 1730 et
1195 1702 1408 1736 sanctorum,
1441 1698 1526 1730 istos
1556 1698 1627 1741 pie-

256 1757 328 1784 tate
346 1756 381 1784 et
399 1751 510 1784 literis
534 1751 649 1794 patria
671 1762 735 1785 sua
757 1751 992 1796 dignissimos,
1018 1753 1154 1796 totique
1178 1754 1253 1787 orbi
1278 1754 1478 1793 celebratos,
1505 1759 1540 1788 et
1557 1765 1627 1788 me-

257 1808 335 1841 ritis
354 1808 428 1841 suis
444 1811 558 1840 notos.

653 1919 689 1953 S.
717 1919 1100 1954 GODELBERTUS.
1152 1920 1234 1956 608.

258 2033 293 2065 S.
336 2031 639 2066 GODELBERTUS
679 2032 878 2078 Presbyter,
932 2034 1051 2067 rhetor
1092 2034 1356 2074 disertissimus,
1398 2035 1626 2079 philosophus

260 2088 461 2121 Platonicae
492 2093 603 2122 sectae
635 2089 894 2129 subtilissimus,
925 2090 1107 2135 theologus
1133 2092 1378 2131 memorabilis,
1406 2103 1467 2125 nec
1493 2092 1628 2137 Anglo-

260 2144 352 2177 Saxo
377 2155 440 2177 nec
466 2144 671 2184 Britannus,
698 2145 757 2177 sed
784 2144 918 2184 Scotus,
944 2151 985 2179 ut
1017 2147 1147 2180 discere
1178 2148 1360 2190 potuisset,
1392 2159 1462 2181 non
1495 2149 1538 2181 ab
1568 2160 1629 2181 an-

258 2200 396 2233 nalibus
423 2201 527 2234 modo
552 2201 693 2241 nostris,
721 2201 779 2234 sed
806 2213 826 2234 a
852 2202 1021 2246 magistro
1046 2214 1109 2236 suo
1135 2203 1276 2242 Balaeo,
1302 2205 1491 2249 singularis
1518 2206 1629 2248 impu-

260 2256 398 2289 dentiae
409 2255 432 2289 J
434 2267 563 2290 oannes
576 2256 747 2290 Pitsaeus.
788 2256 1052 2301 Praeceptorem
1064 2259 1188 2293 habuit
1203 2259 1237 2292 S.
1254 2259 1445 2300 Sedulium,
1465 2261 1509 2294 ad
1527 2261 1628 2305 cujus

260 2312 491 2346 imitationem
534 2313 712 2347 heroicum
755 2323 857 2346 suum
898 2324 1031 2357 poema,
1074 2326 1094 2348 a
1127 2316 1258 2349 mundo
1292 2322 1406 2350 creato
1441 2328 1550 2360 usque
1584 2318 1627 2350 ad
