1861 2682
246 255 305 284 182
621 255 846 287 HISTORIA
870 256 1232 289 ECCLESIASTICA

529 400 846 435 ALEXANDER
871 400 1176 434 COCBURNUS.
1229 403 1309 434 318.

245 514 509 546 ALEXANDER
526 513 740 551 Coeburnus,
765 512 871 545 nobili
895 512 1060 544 comitum
1084 512 1365 545 Bothuelliorum
1390 513 1523 546 familia
1546 525 1600 546 or-

245 573 313 607 tus,
331 574 470 612 patrum
487 569 653 601 memoria
671 568 777 600 bonas
795 573 886 600 artes
905 567 1066 600 Lutetiae
1083 568 1319 611 profitebatur.
1371 569 1517 612 Scripsit

386 624 593 657 Academiae
612 624 818 656 Parisiensis
837 622 974 655 Laudes
1255 625 1314 658 lib.
1335 634 1358 657 Ι.

386 680 440 712 De
458 679 609 712 Foedere
628 679 719 711 inter
737 678 888 710 Francos
907 682 941 710 et
959 677 1077 711 Scotos
1255 680 1314 713 lib.
1337 690 1360 712 1.

386 735 439 768 De
458 734 683 776 Philosophia
701 733 904 767 Orationem
1255 736 1313 768 lib.
1335 745 1357 768 Ι.

291 792 387 825 Obiit
404 802 495 824 anno
514 799 636 823 MD111.

527 900 845 935 ALEXANDER
870 901 1175 936 COCBURNUS.
1228 905 1308 939 319.

240 1014 506 1047 ALEXANDER
523 1013 726 1047 Coeburnus
744 1014 843 1052 alius,
862 1018 896 1047 et
914 1014 986 1057 ipse
1004 1014 1220 1048 nobilissima
1232 1015 1366 1048 familia
1380 1020 1487 1053 ortus,
1498 1015 1600 1059 juve-

240 1071 293 1103 nis
311 1070 486 1103 meliorem
506 1069 669 1113 Europae
686 1074 821 1113 partem
840 1070 994 1102 discendi
1012 1070 1128 1103 studio
1145 1072 1357 1115 peragravit,
1381 1071 1490 1113 proba
1516 1071 1598 1107 vita,

240 1132 274 1159 et
303 1137 447 1159 amoeno
476 1127 628 1171 ingenio.
684 1125 868 1158 Laudatur
893 1137 914 1158 a
939 1130 1041 1169 poeta
1066 1126 1179 1166 Scoto,
1205 1131 1385 1169 poetarum
1412 1127 1465 1159 sui
1494 1126 1597 1159 seculi

237 1182 402 1225 principe,
419 1182 477 1215 lib.
498 1191 538 1215 11.
558 1181 813 1226 Epigrammat.

494 1291 598 1319 Omnia
612 1302 683 1329 quae
697 1292 780 1328 longa
793 1291 923 1328 indulget
937 1290 1100 1318 mortalibus
1114 1297 1200 1323 aetas,

530 1337 611 1365 Haec
625 1337 688 1369 tibi,
703 1336 874 1368 Alexander,
889 1337 978 1373 prima
988 1336 1109 1372 juventa
1125 1335 1211 1363 dedit.

494 1383 565 1410 Cum
579 1392 681 1419 genere
695 1387 723 1409 et
739 1383 827 1410 forma
841 1392 973 1418 generoso
987 1387 1134 1409 stemmate
1149 1382 1243 1418 digna,

536 1428 685 1464 Ingenium
700 1427 791 1459 velox,
806 1428 1016 1463 ingenuumque
1030 1427 1163 1454 animum.

496 1473 628 1500 Excoluit
641 1473 733 1500 virtus
746 1473 881 1504 animum,
896 1472 1097 1509 ingeniumque
1113 1473 1267 1500 Camoenae

532 1518 677 1550 Successu,
692 1518 793 1550 studio,
810 1517 978 1554 consilioque
991 1518 1059 1554 pari.

497 1564 552 1591 His
566 1564 683 1591 ducibus
698 1564 819 1601 primum
835 1568 980 1600 peragrata
995 1563 1150 1596 Britannia,
1165 1563 1266 1591 deinde

533 1609 635 1641 Gallia,
651 1609 685 1636 ad
699 1609 842 1637 armiferos
856 1619 910 1646 qua
924 1614 1002 1646 patet
1019 1609 1165 1636 Helvetios
1177 1620 1183 1635 ι

496 1656 602 1682 Doctus
617 1655 654 1682 ibi
670 1655 780 1691 linguas
793 1665 861 1691 quas
878 1655 972 1686 Roma,
989 1654 1064 1686 Sion,
1079 1660 1108 1682 et
1122 1655 1261 1686 Athenae,

531 1701 610 1734 Quas
624 1710 686 1728 cum
703 1701 843 1728 Germano
858 1700 953 1727 Gallia
967 1699 1046 1727 docta
1060 1705 1146 1728 sonat.

496 1746 538 1773 Te
552 1747 618 1774 licet
632 1746 661 1773 in
676 1746 765 1784 prima
779 1751 932 1783 rapuerunt
948 1746 1006 1773 fata
1017 1746 1145 1782 juventa,

537 1792 601 1819 Non
615 1792 764 1819 immaturo
778 1792 877 1819 funere
891 1796 988 1829 raptus
1002 1791 1069 1819 obis.

496 1838 636 1865 Omnibus
649 1838 745 1865 officiis
758 1837 832 1865 vitae
845 1838 894 1874 qui
907 1837 1023 1864 functus
1036 1837 1132 1868 obivit,

533 1883 597 1910 Non
612 1889 656 1911 est
670 1883 711 1910 fas
725 1883 800 1910 vitae
814 1882 848 1910 de
863 1883 1001 1910 brevitate
1015 1883 1103 1919 queri.

246 1987 445 2019 Praeconem
465 1987 539 2031 ejus
557 1986 690 2020 obitum
709 1991 743 2019 et
761 1986 919 2019 acerbum
937 1984 1042 2018 funus
1061 1985 1151 2018 idem
1170 1985 1326 2028 deplorat
1344 1986 1402 2019 lib.
1423 1986 1568 2020 Miscell.

502 2095 622 2132 Ingratis
636 2100 736 2123 vexata
749 2095 891 2122 hominum
907 2095 1017 2122 Natura
1030 2094 1160 2131 querelis,

539 2141 578 2168 Et
592 2140 695 2168 sterilis
710 2140 788 2168 lassis
801 2140 906 2168 credita
920 2140 1080 2172 visceribus,

501 2187 677 2214 Cocburnum
692 2187 720 2213 in
736 2186 826 2214 lucem
841 2186 929 2218 dedit,
943 2192 972 2213 et
986 2186 1055 2213 rude
1069 2186 1171 2223 pignus
1185 2186 1315 2215 alendum

540 2233 737 2270 Mnemosynes
751 2233 824 2260 natis
838 2231 965 2264 credidit,
980 2237 1009 2260 et
1024 2232 1142 2269 Sophiae
1155 2243 1161 2259 :
