1861 2682
221 265 261 294 34
594 265 819 296 HISTORIA
842 265 1203 297 ECCLESIASTICA

226 357 356 395 electio,
382 367 443 389 nec
468 357 560 389 ullus
586 357 730 389 antistes
753 367 825 389 esse
850 361 997 399 poterat,
1023 357 1084 399 qui
1108 368 1179 390 non
1204 367 1247 390 ex
1272 367 1391 390 eorum
1421 368 1573 401 corpore,

225 415 285 444 aut
306 422 367 454 per
388 422 444 444 eos
467 412 593 444 electus
617 415 715 450 esset,
739 412 846 444 donec
868 411 1060 444 Gulielmus
1083 412 1337 445 Lambertonus
1360 423 1381 445 a
1403 414 1574 447 canonicis

225 467 350 499 electus
376 466 411 499 S.
437 466 597 500 Andreae
623 467 857 510 episcopatum
882 467 1005 506 tenuit,
1028 471 1069 500 ut
1091 468 1129 500 in
1154 467 1285 500 Titulis
1314 467 1576 502 Memorialibus

225 522 283 554 lib.
311 530 380 554 vn.
407 533 480 565 cap.
508 530 567 554 111.
592 522 676 554 dixi.
728 522 795 555 Sed
823 523 904 555 huic
933 523 1089 556 electioni
1118 524 1348 556 reclamarunt
1379 523 1512 563 KeIdei,
1543 531 1576 557 et

224 577 373 610 maxime
390 577 566 610 Auminus
583 588 702 610 eorum
719 578 877 621 princeps
895 578 1043 611 Romam
1061 578 1273 621 provocavit,
1290 583 1324 611 et
1341 590 1380 612 eo
1397 589 1433 611 se
1456 585 1575 613 contu-

226 633 277 672 lit,
297 633 356 666 sed
373 634 556 672 incassum,
582 644 662 666 nam
684 643 754 665 non
778 633 880 666 modo
902 634 1029 667 electus
1052 634 1261 676 approbatus
1285 645 1306 667 a
1327 635 1496 678 pontifice,
1519 636 1577 668 sed

225 700 324 722 omne
336 689 396 733 jus
414 689 571 732 deinceps
590 688 729 722 Keldeis
746 688 962 734 abrogatum.
1013 688 1291 723 Scotichronieou
1316 691 1376 724 lib.
1402 699 1455 723 VI.
1507 690 1575 723 Hic

225 745 362 788 scripsit

368 799 422 832 De
438 799 461 832 J
463 810 523 832 ure
541 799 751 832 Keldeorum
1091 799 1150 833 lib.
1171 809 1194 833 1.

369 855 629 893 Querimoniam
647 855 691 888 ad
709 855 840 898 Papam
1091 855 1150 889 lib.
1171 864 1195 888 1.

369 910 654 944 Informationem
672 910 804 943 Causae
1089 911 1148 944 lib.
1169 920 1192 944 1.

273 965 453 999 Profectus
471 966 619 999 Romam
637 977 728 999 anno
747 974 974 1000 mccxcvnl.
1001 966 1087 1000 obiit
1110 967 1147 1000 in
1169 977 1339 1012 regressu,
1364 972 1398 1001 et
1416 974 1577 1012 sequente

226 1033 315 1055 anno
333 1023 487 1065 sepultus
505 1022 676 1055 Mutinae.

523 1132 781 1166 ADRIANUS
807 1132 870 1166 IV.
898 1132 1168 1167 PONTIFEX.
1220 1133 1277 1167 46.

228 1243 441 1277 ADRIANUS
476 1244 640 1277 Pontifex
674 1244 756 1286 Opt.
792 1243 888 1276 Max.
923 1243 986 1276 IV.
1022 1243 1186 1277 Nicolaus
1222 1244 1448 1290 Hastifragus
1482 1247 1578 1289 prius

228 1300 350 1338 dictus,
380 1304 524 1343 putatur
553 1311 574 1332 a
602 1300 722 1333 multis
752 1298 884 1337 Scotus,
914 1299 997 1341 quia
1025 1300 1175 1332 multum
1209 1300 1246 1332 in
1279 1300 1402 1334 insulis
1435 1300 1577 1336 Scoticis

229 1356 437 1393 allaborarit‚
463 1355 718 1399 Norvegiaque,
745 1366 784 1387 ea
807 1355 927 1398 lingua
949 1365 1043 1393 usus,
1069 1365 1157 1398 quae
1182 1354 1333 1400 Angliae
1358 1356 1478 1400 ignota
1500 1357 1579 1391 Sco-

228 1417 342 1444 torum
360 1422 399 1444 eo
417 1421 501 1443 aevo
518 1411 668 1453 propria,
690 1415 730 1443 ut
750 1410 881 1454 colligit
903 1409 1078 1444 Gilbertus
1103 1410 1268 1451 Brunus;
1295 1412 1354 1444 sed
1377 1423 1439 1456 ego
1462 1414 1578 1455 potius

228 1468 371 1500 inducor
387 1472 427 1499 ut
448 1466 604 1510 Anglum
627 1466 773 1505 credam,
796 1470 912 1498 motus
935 1467 1140 1499 auctoritate
1163 1471 1424 1500 coaetaneorum
1448 1467 1577 1501 Guliel-

228 1523 276 1555 mi
295 1522 544 1566 Neubrigensis
562 1522 621 1554 lib.
642 1531 684 1554 11.
703 1521 797 1554 Hist.
816 1533 889 1565 cap.
908 1531 960 1555 v1.
983 1522 1006 1555 J
1009 1523 1129 1555 oannis
1152 1522 1417 1556 Saresberiensis
1441 1524 1499 1557 lib.
1524 1533 1576 1557 v1.

228 1578 424 1611 Policratici
450 1588 523 1620 cap.
551 1586 672 1611 XXIII,
695 1582 736 1610 ut
760 1578 965 1611 recentiores
991 1579 1160 1618 omittam,
1184 1578 1368 1618 Plafflnam,
1395 1579 1576 1617 Uvionem,

225 1635 388 1677 aliosque.

636 1743 862 1777 JOANNES
887 1743 1059 1778 ALBUS.
1111 1747 1167 1780 47.

227 1857 249 1889 J
253 1864 413 1889 oANNEs
430 1855 553 1894 Albus,
572 1856 676 1899 vulgo
695 1854 802 1898 Quyt,
821 1855 925 1888 abbas
942 1856 1141 1889 monasterii
1160 1855 1338 1888 Scotorum
1353 1856 1575 1896 Ratisbonae2

228 1912 533 1945 Benedictinorum
558 1912 645 1944 nulli
671 1921 734 1943 sua
762 1916 874 1944 aetate
904 1912 1083 1949 secundus,
1115 1911 1294 1955 theologus
1325 1912 1483 1951 eximius,
1513 1923 1575 1945 nec

229 1969 434 2000 secularium
465 1968 644 2000 literarum
670 1967 823 2011 ignarus,
853 1966 1039 1999 acerrimus
1065 1967 1222 1999 ecclesiae
1248 1968 1386 2007 vindex,
1413 1969 1576 2001 monasti-

229 2034 285 2056 cae
303 2023 502 2065 disciplinae
519 2027 741 2061 restaurator,
760 2032 950 2064 pauperum
971 2026 1078 2064 pater,
1102 2026 1135 2054 et
1158 2022 1279 2064 priscis
1297 2023 1365 2056 illis
1383 2034 1505 2056 aureae
1522 2034 1575 2056 ae-

229 2079 310 2112 tatis
328 2078 484 2121 patribus
502 2077 737 2115 conferendus,
755 2077 892 2119 scripsit

372 2133 631 2166 Controversias
1086 2132 1144 2166 lib.
1164 2141 1188 2164 1.

275 2190 372 2223 Obiit
389 2200 479 2223 anno
498 2196 595 2222 MDC.
614 2188 651 2220 in
668 2187 877 2220 monasterio
894 2198 968 2220 suo.
