1861 2682
623 246 793 278 GENTIS
817 243 1086 281 SCOTORUM,
1110 244 1197 275 LIB.
1221 244 1277 275 IV.
1569 245 1630 275 237

275 351 381 383 supra
398 341 493 373 illam
511 343 668 372 aetatem.
720 337 791 370 Ter
808 337 1000 370 academiae
1018 337 1171 382 ejusdem
1188 341 1311 375 rector,
1337 334 1397 379 qui
1414 335 1525 368 honor
1542 346 1626 368 non-

275 397 358 429 dum
396 397 507 428 adhuc
544 395 770 438 promiscuus,
813 398 847 426 et
884 393 1007 436 cuique
1042 393 1230 435 expositus,
1267 402 1397 436 magna
1431 392 1627 424 animorum

276 453 492 485 contentione
525 450 749 483 fluctuantem
792 449 1035 493 magistratum
1077 449 1216 491 recepit,
1251 452 1286 481 et
1318 448 1508 490 prudenter
1542 447 1626 479 adeo

275 507 542 544 administravit,
579 511 618 538 ut
649 505 799 537 seniores
830 504 914 536 fassi
944 504 1014 536 sint
1046 503 1144 543 mihi,
1176 508 1209 536 et
1243 508 1318 536 acta
1352 504 1546 536 academica
1579 508 1627 535 te-

275 567 422 601 stantur,
440 572 619 604 nunquam
641 560 775 593 meliori
800 564 894 593 statu
916 570 970 592 res
992 560 1069 592 illas
1093 559 1211 592 fuisse.
1263 558 1442 592 Emeritus
1464 560 1544 591 inde
1561 558 1627 591 Ve-

273 619 382 651 netias
424 629 445 649 a
485 616 704 649 serenissimo
746 620 878 655 senatu,
916 615 1021 660 digno
1060 615 1258 654 MinervaIi,
1296 619 1469 653 evocatus,
1508 614 1627 647 biblio-

274 674 408 706 thecam
435 672 479 705 D.
508 672 630 709 Marci‚
662 671 715 704 cui
741 672 957 714 praepositus
986 675 1070 710 erat,
1102 671 1297 710 ordinavit3
1328 671 1365 703 in
1390 671 1489 715 cujus
1516 670 1623 707 aditu,

274 735 313 761 ut
343 729 457 767 audio,
488 729 603 772 imago
632 728 663 759 ei
692 728 805 769 posita
833 727 1054 760 honorificam
1084 728 1158 771 ejus
1188 727 1390 760 memoriam
1424 727 1516 769 apud
1550 737 1626 770 gra—

273 785 447 817 tissimum
473 784 641 827 populum
665 789 856 816 conservat.
906 783 1035 816 Fuerat
1059 783 1123 816 hoc
1148 782 1311 827 κειμήλιον,
1337 787 1372 816 et
1394 782 1626 815 inaestimabi-

273 841 315 873 lis
345 841 530 873 thesaurus
560 838 721 871 librariae
748 839 967 881 supellectilis
1001 839 1158 872 sereniss.
1192 839 1399 882 reipublicae
1434 839 1569 882 legatus
1606 849 1626 869 a

273 896 456 928 Cardinale
482 895 686 927 Bessarione
710 894 947 936 Trapezuntio
968 905 1059 927 anno
1084 903 1412 927 MCCCCLXXXHX.
1463 893 1554 926 Acta
1579 893 1623 925 D.

274 951 395 989 Marci,
430 957 464 984 et
497 950 652 983 historici
687 948 824 982 Veneti.
866 949 1008 982 Obierat
1043 949 1229 983 Bessarion
1268 961 1322 982 an.
1358 958 1623 982 MCCCCLXXII.

272 1008 327 1040 die
340 1016 442 1040 xllx.
458 1005 627 1039 Novemb0
675 1004 897 1038 Schraderus.
948 1005 1037 1049 Ejus
1055 1010 1147 1045 sunt,
1166 1017 1254 1049 quae
1271 1017 1335 1050 ego
1353 1006 1512 1043 viderim,
1526 1010 1565 1038 ut
1584 1006 1625 1038 de

272 1064 347 1096 aliis
365 1068 496 1096 taceam
512 1073 519 1094 :

414 1118 564 1162 Logicae
582 1117 766 1151 Elementa
1136 1117 1195 1150 lib.
1216 1126 1239 1149 1.

415 1173 562 1206 Collatio
580 1173 778 1205 Platonicae
795 1176 899 1215 atque
916 1172 1158 1206 Aristotelicae
1177 1172 1422 1215 Philosophiae
1517 1173 1576 1206 lib.
1599 1182 1622 1204 1.

460 1240 528 1271 quo
554 1239 654 1270 opere
680 1228 767 1259 nihil
794 1228 926 1267 Musae,
959 1229 1149 1261 multorum
1175 1229 1320 1272 judicio,
1346 1228 1537 1272 elegantius
1564 1233 1624 1261 aut

460 1284 616 1316 ornatius
635 1284 820 1316 viderunt:
846 1283 882 1315 in
900 1295 968 1326 quo
986 1295 1086 1326 opere
1104 1284 1209 1317 etiam
1227 1284 1450 1323 desudarunt,
1476 1290 1516 1317 ut
1539 1285 1623 1318 alios

461 1339 631 1376 omittam,
655 1338 826 1383 Georgius
851 1338 1040 1372 Gemistius
1059 1339 1217 1379 Plethon,
1246 1339 1385 1372 Gabriel
1408 1340 1621 1379 Buratessus,

462 1395 644 1427 Hubertus
664 1395 809 1433 Folieta,
830 1394 1067 1428 Bernardinus
1086 1395 1256 1429 Donatus.

415 1451 595 1494 Epistolae
1134 1452 1194 1485 lib.
1214 1461 1238 1484 Ι.

320 1508 452 1550 Incepit
477 1507 597 1540 docere
624 1506 778 1546 Parisiis,
803 1511 844 1540 ut
865 1517 907 1539 ex
929 1507 1013 1540 actis
1035 1507 1185 1540 nationis
1210 1507 1434 1540 Germanicae
1450 1510 1619 1551 comperi,

270 1574 360 1597 anno
380 1571 512 1595 MDLII.
565 1562 745 1595 Profectus
763 1566 815 1595 est
832 1562 996 1595 Venetias
1014 1574 1104 1596 anno
1124 1572 1298 1596 MDLXIV.
1350 1563 1447 1597 Obiit
1465 1563 1621 1597 Venetiis

273 1627 448 1652 MDLxxl.

656 1729 864 1762 THOMAS
889 1730 1231 1764 DEMPSTERUS.

270 1843 442 1875 THOMAS
460 1842 698 1885 Dempsterus‚
724 1841 829 1885 hujus
854 1842 966 1884 operis
990 1847 1119 1881 auctor,
1147 1848 1188 1876 ut
1213 1844 1344 1877 meritis
1371 1849 1405 1877 et
1428 1845 1620 1877 eruditione

269 1899 412 1931 ultimus
430 1904 492 1936 est,
510 1899 559 1930 ita
577 1897 739 1930 ultimum
758 1898 870 1930 locum
888 1899 1073 1937 sortietur3
1101 1898 1161 1931 ubi
1181 1899 1222 1931 de
1240 1900 1309 1938 illo,
1328 1900 1355 1932 si
1375 1901 1463 1933 tanti
1481 1900 1619 1943 putabis

271 1965 353 1992 esse,
371 1954 459 1986 vide.

628 2065 650 2097 J
653 2065 854 2099 OANNES
880 2065 1126 2099 DURAEUS.
1181 2070 1260 2104 429.

269 2178 290 2209 J
296 2184 455 2209 oi-xNNEs
482 2176 651 2214 Duraeus,
677 2176 858 2209 societatis
884 2177 968 2209 Jesu
994 2179 1175 2222 presbyter
1197 2180 1274 2222 pius
1299 2192 1337 2214 ac
1359 2182 1490 2219 doctus,
1517 2192 1617 2224 quem

271 2234 378 2265 miror
397 2232 663 2265 Ribadeneiram
681 2233 846 2271 omisisse,
864 2243 942 2265 cum
961 2234 1049 2266 tanti
1067 2235 1226 2274 nominis,
1246 2235 1368 2274 famae,
1389 2248 1427 2269 ac
1446 2237 1619 2269 doctrinae

273 2299 340 2320 non
359 2288 532 2320 debuisset
550 2287 716 2320 oblivisci.
768 2287 929 2320 Meminit
949 2287 1184 2323 Bibliothecae
1202 2291 1372 2325 Classicae
1390 2297 1509 2325 auctor
1526 2293 1619 2336 pagi-
