1861 2682
593 261 765 293 GENTIS
790 260 1062 299 SCOTORUM,
1085 261 1172 292 LIB.
1193 261 1250 292 VI.
1543 265 1604 296 297

243 354 477 387 munitissima
495 354 617 388 urbem
635 358 755 388 tuetur
771 354 952 397 reliquam.
1004 353 1056 387 At
1070 365 1112 386 ne
1131 354 1268 398 longior
1285 364 1390 397 quam
1407 364 1471 397 par
1488 354 1533 387 sit
1552 356 1601 387 vi-

242 411 335 450 dear,
355 410 512 450 infinitis,
532 421 621 454 quae
639 414 837 454 supersunt,
855 409 961 453 hujus
975 410 1071 443 urbis
1085 410 1246 443 laudibus
1261 411 1477 454 supersedeo,
1496 411 1602 454 siqui-

241 467 319 499 dem
338 477 394 499 eas
412 467 449 499 in
467 466 652 500 Itinerario
675 466 797 499 Italiae
821 466 941 499 retulit
964 466 1099 511 Capug.
1128 466 1335 499 Franciscus
1354 465 1488 506 Scotus,
1512 466 1603 500 Ant-

242 522 434 565 verpiensis
456 522 588 561 doctor,
606 522 731 555 Frater
749 522 907 555 Leander
923 521 1061 555 Alberti
1086 523 1122 555 in
1147 523 1389 565 Descriptione
1413 522 1545 562 Italiae,
1568 529 1601 557 et

242 578 283 610 F.
308 577 428 610 Jacob.
455 577 640 621 Philippus
659 578 695 610 in
713 576 930 610 Additionib.
957 579 1001 610 ad
1026 578 1241 623 Doglionum
1267 578 1304 610 in
1330 577 1602 621 Amphitheatro

240 633 414 676 Europae,
434 632 585 666 Locatus
600 634 636 667 in
652 633 811 666 Historia
828 634 988 667 laudatae
1006 635 1178 674 civitatis3
1203 645 1292 678 quae
1309 633 1472 667 Straboni
1491 635 1549 668 lib.
1566 644 1599 666 v.

240 689 323 722 urbs
354 688 448 721 fama
474 689 616 722 celebris
642 689 780 727 dicitur,
808 689 997 723 Plutarcho
1021 691 1057 723 in
1082 691 1222 724 Othone
1246 690 1392 723 illustris
1419 694 1454 723 et
1477 690 1602 724 florens

240 745 283 778 ad
301 745 506 787 quarumvis
533 745 673 778 urbium
697 745 940 785 collationem3
969 747 1061 790 apud
1087 746 1289 780 Cornelium
1316 746 1479 780 Tacitum
1505 747 1603 780 audit

240 800 323 833 urbs
349 804 472 842 potens
498 801 621 843 opibus
649 805 683 834 et
706 802 823 840 armis,
849 802 949 846 cujus
975 808 1009 836 et
1035 803 1079 836 D.
1099 803 1307 836 Ambrosius
1325 803 1424 845 epist.
1445 812 1531 836 vl11.
1559 804 1603 836 ad

241 856 413 889 Faustum
432 855 649 889 nobilitatem
667 857 795 901 arguit,
814 861 848 890 et
866 858 1113 902 antiquitatem
1126 859 1282 903 ejusdem
1296 870 1316 892 a
1329 860 1479 892 nomine.
1519 859 1604 892 Om-

239 913 299 945 nia
323 917 440 945 tamen
462 917 604 955 superat
630 913 796 951 encomia,
821 923 891 956 quo
917 913 1021 960 Greg.
1048 914 1095 948 X.
1121 926 1228 958 supra
1253 915 1426 954 laudatus,
1452 917 1603 959 patriani

239 979 338 1001 suam
357 969 562 1011 compellat;
590 969 647 1001 ille
665 968 757 1001 enim
775 969 812 1001 in
830 980 881 1008 ea,
905 981 1010 1013 quam
1028 972 1072 1004 ad
1090 971 1311 1004 Placentinos
1329 972 1422 1004 cives
1445 983 1467 1005 a
1488 983 1603 1005 conse-

241 1024 395 1057 cratione
421 1035 486 1057 sua
510 1025 660 1067 scripsit,
686 1024 781 1057 bulla
806 1025 889 1058 data
910 1026 1027 1061 Later.
1048 1037 1100 1061 Π.
1119 1029 1181 1061 cal.
1206 1027 1294 1071 Apr.
1313 1032 1410 1071 pont.
1435 1029 1488 1061 sui
1513 1039 1604 1062 anno

241 1090 265 1113 Ι.
284 1082 345 1113 sal.
365 1091 448 1114 vero
464 1081 562 1113 hum.
583 1089 800 1113 MCCLXXII.
825 1086 878 1120 ut,
896 1084 1020 1125 positis
1038 1084 1126 1117 odiis
1144 1089 1179 1117 et
1203 1084 1494 1123 contentionibus,
1519 1095 1604 1118 una-

239 1137 350 1170 nimes
376 1137 547 1176 viverent,
577 1141 679 1170 vocat
706 1137 803 1170 illam
827 1138 1005 1173 civitatem
1029 1141 1162 1173 dudum
1186 1141 1343 1174 virorum
1366 1141 1604 1184 praeditorum

243 1193 447 1232 virtutibus,
474 1197 509 1226 et
534 1193 738 1226 divitiarum
764 1193 977 1228 fecunditate
1002 1195 1225 1238 praeclaram,
1252 1195 1409 1228 claritate
1426 1196 1605 1238 conspicu-

238 1260 306 1287 am,
324 1253 359 1282 et
376 1249 532 1291 ipsorum
551 1248 766 1282 abundantia
783 1250 820 1282 in
837 1254 1023 1293 conspectu
1037 1250 1193 1283 omnium
1208 1252 1407 1295 gloriosam.
1450 1251 1605 1285 Narniae

241 1305 364 1338 itidem
390 1305 426 1337 in
453 1304 601 1338 Umbria
630 1305 824 1338 celebratur
852 1306 1069 1339 nobilissima
1093 1310 1128 1339 et
1153 1307 1397 1350 antiquissima
1422 1307 1604 1340 Scotorum

238 1361 373 1394 familia
390 1361 556 1394 comitum
575 1360 693 1394 Sancti
711 1360 798 1400 Viti,
824 1372 913 1404 quae
937 1363 1084 1395 traxisse
1107 1373 1144 1396 se
1168 1363 1338 1407 originem
1362 1375 1383 1397 a
1404 1368 1507 1408 gente
1526 1363 1605 1397 Sco-

238 1418 307 1450 tica
324 1417 523 1450 immediate
541 1421 717 1450 asseverat
742 1421 776 1450 et
799 1418 982 1462 gloriatur.
1034 1417 1139 1451 Nunc
1162 1429 1245 1452 vero
1268 1419 1420 1452 maxime
1442 1420 1532 1453 hanc
1555 1420 1606 1453 fa-

239 1474 371 1506 miliam
389 1474 543 1506 illustrat
566 1473 760 1516 splendore,
784 1477 819 1506 et
842 1479 948 1518 auget
973 1475 1104 1514 decore,
1131 1475 1187 1508 vir
1208 1486 1388 1520 nunquam
1407 1477 1492 1509 satis
1515 1487 1607 1510 com-

239 1529 434 1568 mendatuS‚
450 1528 570 1572 Eques
585 1529 710 1562 Frater
723 1529 902 1573 Sylvester
916 1530 1050 1569 Scotus,
1069 1530 1141 1574 qui,
1161 1531 1282 1564 haeres
1300 1531 1476 1564 avitarum
1494 1533 1606 1565 virtu-

239 1591 327 1624 tum,
345 1585 389 1618 ad
407 1585 623 1629 amplissima
645 1585 818 1618 honorum
844 1587 997 1619 eulmina
1020 1587 1113 1629 apud
1138 1587 1415 1620 illustrissimum
1442 1600 1481 1621 ac
1509 1599 1606 1622 reve-

238 1642 486 1674 rendissimum
500 1641 709 1674 Uduardum
727 1641 830 1675 Card.
850 1641 1058 1676 Farnesium
1076 1647 1128 1676 est
1145 1648 1296 1676 evectus.
1337 1643 1396 1677 Ex
1414 1645 1478 1677 hac
1496 1646 1605 1688 stirpe

238 1697 369 1740 prodiit
385 1708 534 1742 magnus
552 1697 610 1730 ille
633 1698 810 1741 quondam
833 1698 889 1731 vir
913 1698 1153 1732 Bernardinus
1178 1699 1312 1739 Scotus,
1337 1711 1355 1732 e
1380 1699 1504 1734 Castro
1529 1702 1605 1734 Ma-

238 1753 322 1786 liani
340 1753 505 1786 dioecesis
524 1752 735 1793 sabinensis,
754 1755 815 1798 qui
833 1766 876 1788 ex
899 1755 1021 1788 clerico
1047 1755 1303 1789 Theatinorum
1329 1756 1560 1801 Regularium
1585 1770 1605 1791 a

240 1809 350 1842 Paulo
368 1809 430 1843 IV.
450 1810 603 1852 primum
621 1810 901 1854 archiepiscopus
919 1810 1110 1844 Tranensis
1128 1811 1252 1850 factus,
1270 1816 1390 1855 postea
1416 1813 1459 1845 ab
1485 1814 1603 1846 eodem

240 1866 333 1898 inter
350 1870 561 1908 purpuratos
579 1871 696 1909 patres
715 1867 898 1909 ascriptus,
917 1872 993 1900 tum
1010 1868 1150 1900 demum
1172 1869 1216 1900 ad
1240 1869 1427 1912 regendam
1451 1871 1604 1903 decesso-

239 1923 287 1955 ris
306 1922 359 1954 sui
379 1921 541 1954 Fulconis
567 1921 763 1955 Placentiae
790 1923 965 1956 ecclesiam
992 1923 1061 1956 fuit
1086 1924 1238 1964 missus3
1266 1925 1365 1969 cujus
1392 1926 1540 1959 virtutes
1568 1928 1602 1960 in

240 1979 314 2011 vita
343 1982 494 2020 quantae
520 1977 662 2017 fuerint,
689 1978 813 2017 Roma,
841 1978 1029 2018 Placentia,
1056 1985 1090 2013 et
1117 1985 1211 2014 totus
1238 1981 1330 2015 orbis
1358 1988 1544 2016 veneratur
1570 1989 1601 2017 et

238 2033 469 2077 depraedicat.

723 2186 829 2212 FINIS
849 2187 959 2212 LIBRI
980 2189 1108 2213 SEXTI.
