1861 2682
293 355 781 409 HISTORIAE
825 354 1569 409 ECCLESIASTICAE

579 482 853 530 GENTIS
891 481 1282 529 SCOTORUM

794 618 973 657 LIBER
1005 618 1074 657 IV.

752 771 786 804 S.
814 770 983 804 DAVID.
1035 770 1115 804 362.

252 883 285 915 S.
306 883 504 916 DAVIDEM
523 883 615 915 hunc
633 883 891 927 Bangorensem
912 882 1045 916 faciunt
1070 884 1209 915 annales
1235 883 1376 928 Anglici
1401 883 1610 926 episcopum,

253 945 287 971 et
311 939 434 971 Franc.
459 938 619 972 Godwin.
645 939 703 971 lib.
723 939 765 971 de
787 939 940 971 Praesul.
961 938 1100 982 Anglic.
1126 949 1205 982 pag.
1226 948 1396 971 DCXLIII.
1422 950 1501 971 eum
1525 940 1613 971 male

254 1006 332 1027 cum
346 995 455 1027 altero
468 994 603 1027 Davide
618 994 831 1027 confundens
846 1005 854 1033 ;
874 1005 954 1027 nam
972 994 1030 1026 ille
1043 994 1195 1027 discendi
1215 996 1331 1027 studio
1349 1000 1447 1027 extra
1464 995 1613 1037 patriam

252 1051 505 1094 peregrinatus,
534 1050 795 1093 Herbipolensis
821 1050 1013 1082 academiae
1037 1050 1166 1088 doctor,
1193 1051 1345 1083 Henrico
1363 1051 1407 1084 V.
1435 1050 1575 1083 Caesari
1594 1062 1614 1082 a

253 1107 370 1143 sacris,
388 1106 423 1137 in
444 1105 581 1138 Italiam
606 1105 791 1148 profectus,
817 1116 886 1138 non
905 1106 1043 1138 videtur
1067 1106 1103 1138 in
1121 1106 1288 1150 Angliam
1313 1107 1467 1145 rediisse,
1484 1112 1524 1139 ut
1543 1111 1613 1139 tam

253 1167 392 1194 tenuem
418 1161 653 1204 episcopatum
680 1163 878 1204 susciperet,
905 1162 1055 1194 maxime
1085 1173 1163 1194 cum
1194 1162 1375 1195 Conradus
1405 1162 1612 1200 Lichtenau‚

253 1227 315 1249 nec
341 1216 672 1255 Malmesburiensis,
699 1218 805 1249 ullam
832 1218 964 1250 reditus
990 1218 1065 1261 ejus
1091 1219 1127 1250 in
1154 1218 1376 1251 Britanniam
1402 1219 1613 1251 mentionem

252 1272 392 1305 faciant.
438 1272 582 1304 Henrici
601 1271 663 1304 IV.
683 1273 902 1315 imperatoris
920 1273 1058 1305 favebat
1077 1274 1244 1316 partibus.
1281 1273 1394 1306 Notae
1413 1274 1536 1307 Franc.
1551 1274 1573 1306 J
1578 1286 1615 1306 u-

254 1329 319 1361 reti
337 1329 380 1361 ad
400 1327 498 1361 Ivon.
517 1327 703 1361 Carnoten.
723 1329 822 1371 epist.
843 1338 930 1361 cxc.
953 1329 1013 1361 ubi
1031 1340 1109 1361 eum
1132 1329 1274 1362 Scotum
1297 1334 1408 1368 vocat,
1431 1335 1464 1362 et
1487 1331 1615 1373 episco-

254 1395 338 1427 pum
362 1384 651 1417 Bancornensem.
693 1384 819 1418 Postea
837 1384 1002 1417 acerrime
1019 1389 1134 1427 partes
1153 1385 1354 1427 pontificum
1375 1386 1522 1418 tuendas
1541 1397 1615 1418 sus-

255 1441 355 1482 cepit.
407 1439 498 1484 Ejus
516 1445 599 1472 sunt

399 1495 514 1528 Multa
539 1495 576 1528 in
602 1495 840 1541 Theologiam,
867 1507 1015 1540 quorum
1042 1497 1221 1539 quaedam,
1248 1502 1288 1529 ut
1314 1498 1428 1535 audim
1455 1497 1555 1530 MSS.
1581 1499 1615 1530 in

448 1551 656 1584 bibliotheca
673 1551 818 1596 collegii
837 1552 1055 1585 Benedictini
1074 1558 1155 1585 sunt
1174 1552 1431 1597 Cantabrigiae.

303 1607 532 1640 Consecratus
550 1612 602 1640 est
619 1608 798 1651 episcopus
816 1619 906 1640 anno
926 1616 1054 1640 mcxx.
1079 1620 1148 1651 quo
1171 1620 1261 1641 anno
1284 1609 1388 1641 etiam
1407 1610 1501 1651 prior
1520 1609 1614 1642 flore-

255 1663 325 1702 bat,
353 1664 390 1695 in
421 1664 536 1695 aulam
566 1662 709 1696 Henrici
740 1665 959 1707 imperatoris
985 1665 1179 1706 praefectus
1205 1676 1282 1697 cum
1311 1665 1458 1698 Matilda
1483 1665 1552 1697 filia
1580 1666 1613 1697 S.

258 1719 426 1752 Matildae
445 1718 577 1752 Scotae.
597 1719 722 1752 Guliel.
742 1720 1062 1753 Malmesburiensis
1081 1721 1138 1753 lib.
1156 1729 1189 1751 V.
1212 1725 1231 1738 ‘⁶
1250 1720 1363 1753 David
1383 1720 1505 1754 Scotus
1525 1721 1614 1754 Ban-

257 1775 430 1808 cornensis
448 1776 658 1818 episcopus‚”
677 1774 739 1809 &c.

752 1889 786 1920 S.
814 1888 982 1921 DAVID.
1034 1888 1113 1921 363.

258 2001 290 2031 S.
325 1999 470 2037 DAVID‚
502 2001 589 2032 alius
622 2001 729 2042 priori
760 2001 862 2044 longe
896 2002 1083 2044 antiquior,
1115 2002 1294 2045 episcopus
1326 2002 1393 2035 fuit
1429 2003 1615 2036 Meneven-

258 2056 304 2087 sis
331 2055 366 2086 in
392 2054 532 2099 Anglia‚
557 2066 595 2087 ac
618 2055 813 2089 VVallorum
838 2058 1024 2099 apostolus,
1052 2058 1150 2101 cujus
1177 2059 1367 2091 etiamnum
1394 2059 1496 2092 hodie
1522 2071 1617 2092 sum-

258 2122 315 2143 ma
332 2116 383 2143 est
406 2111 582 2143 veneratio
601 2112 693 2153 apud
711 2123 785 2144 eam
809 2117 958 2156 gentem.
1009 2112 1156 2146 Ineunte
1174 2118 1285 2147 aetate
1303 2115 1439 2148 audivit
1457 2115 1517 2148 SS.
1539 2115 1616 2147 Hi]-

259 2172 375 2199 tutum
401 2172 435 2198 et
458 2166 656 2204 Paulinum,
683 2178 703 2199 a
720 2179 868 2210 quorum
892 2169 1037 2201 lectione
1059 2178 1096 2200 X.
1124 2170 1224 2201 annis
1250 2170 1332 2202 totis
1357 2170 1391 2202 S.
1417 2171 1615 2213 Scripturae

259 2222 476 2254 meditationi
492 2222 660 2254 incubuit.
679 2222 876 2265 Discipulos
891 2228 1004 2256 autem
1023 2224 1146 2257 habuit
1160 2226 1311 2258 maxima
1325 2237 1366 2258 ex
1381 2232 1479 2269 parte
1497 2226 1615 2258 Scotos

262 2277 443 2315 Kinotum,
478 2277 667 2316 Aidanum,
704 2278 886 2317 Madocon,
918 2279 1053 2318 Ismael,
1086 2280 1287 2320 Paternum,
1319 2286 1351 2314 et
1384 2282 1614 2319 Thelianum;

900 2337 921 2366 2
941 2343 965 2366 D
