1861 2682
300 239 362 269 268
675 241 900 272 HISTORIA
924 241 1286 278 ECCLESIASTICA

305 332 491 364 mentarios
510 332 617 364 edidit
637 331 809 364 Pictorius
827 332 1064 376 Villingensis,
1091 332 1151 374 qui
1176 333 1380 375 prodierunt
1406 332 1565 366 Lutetiae
1592 334 1657 366 sub

305 397 434 419 annum
455 396 636 420 MDXXXI.
656 387 713 419 sed
733 386 821 419 falso
839 386 978 419 Gallum
997 386 1089 419 facit.

769 497 969 530 EVENUS
995 498 1061 531 III.
1113 501 1193 536 497.

307 609 472 643 EVENUS
502 610 568 643 111.
604 622 675 650 rex,
707 610 814 643 Ederi
846 610 886 642 F.
921 609 1003 642 Gilli
1039 610 1085 643 N.
1120 611 1391 645 decimussextus
1425 624 1445 645 a
1479 614 1654 646 conditore

306 665 484 709 Fergusio,
523 667 680 709 princeps
711 666 843 699 belluae
872 677 977 709 quam
1008 667 1141 699 homini
1171 667 1328 700 similior.
1389 667 1589 713 Flagitiosis
1619 669 1655 701 in

305 722 470 755 scelerum
496 723 694 755 societatem
721 724 834 765 palam
861 723 989 760 ascitis,
1012 723 1054 755 de
1078 723 1258 756 nobilitate
1281 724 1433 756 tollenda
1457 735 1527 757 non
1552 726 1656 757 semel

304 778 492 821 cogitavit;
519 779 658 811 tandem
676 779 713 811 in
731 789 899 811 carcerem
917 778 1103 823 conjectus,
1129 790 1150 812 a
1166 779 1238 812 suis
1264 784 1316 812 est
1341 783 1492 812 necatus.
1544 779 1657 822 Scrip-

305 833 349 864 sit

449 889 559 934 Leges
578 890 819 933 spurcissimas
836 890 894 923 lib.
915 900 939 923 1.
958 902 1106 934 quarum
1124 891 1237 934 capita
1254 891 1338 924 haec
1353 901 1361 923 :

451 955 474 978 1.
502 946 552 979 Ut
569 951 622 979 tot
638 957 764 980 uxores
782 947 838 979 vir
855 947 995 979 duceret
1012 952 1096 990 quot
1114 947 1291 980 commode
1309 947 1399 980 alere
1416 952 1542 990 posset.

450 1010 491 1034 ΙΙ.
518 1001 569 1035 Ut
599 1002 731 1035 nobiles
765 1002 960 1035 villicorum
994 1003 1227 1045 clientumque
1262 1002 1410 1036 filiarum
1444 1003 1657 1048 virginitatis

496 1058 669 1100 primitias
688 1058 802 1101 prima
818 1058 1019 1101 nuptiarum
1038 1064 1137 1092 nocte
1155 1058 1357 1092 delibarent.

304 1112 398 1150 Quas
424 1113 547 1156 impias
574 1115 666 1159 leges
695 1125 822 1159 magno
849 1125 1017 1147 consensu
1047 1115 1210 1148 nobilitas
1238 1118 1290 1148 est
1313 1115 1518 1157 amplexata,
1542 1119 1582 1147 ut
1605 1119 1655 1146 est

304 1168 493 1201 aulicormn
512 1170 691 1215 ingenium
709 1170 746 1202 in
771 1170 859 1203 vitia
881 1171 1042 1213 proclive.
1096 1171 1195 1203 Hect.
1216 1170 1386 1203 Boethius
1404 1170 1462 1203 lib.
1483 1179 1540 1203 111.
1561 1169 1654 1202 Hist.

304 1224 394 1257 Scot.
414 1236 492 1270 pag.
513 1235 641 1259 XXXV.
694 1226 820 1259 Postea
848 1232 962 1259 tamen
988 1227 1147 1259 nonnihil
1171 1226 1417 1260 moderaminis
1442 1227 1596 1264 allatum,
1623 1231 1656 1259 et

303 1281 411 1314 veluti
437 1283 565 1315 sensim
590 1282 736 1316 foeditas
762 1283 909 1315 sublata.
960 1282 1056 1316 Idem
1082 1283 1141 1315 lib.
1162 1291 1213 1315 IV.
1232 1292 1311 1326 pag.
1331 1290 1444 1314 LVIII.
1498 1281 1657 1325 Denique

303 1343 373 1369 tam
403 1337 656 1372 abominandus
680 1339 770 1371 ritus
795 1339 934 1381 penitus
961 1339 1161 1382 antiquatus
1188 1343 1222 1371 et
1247 1337 1435 1381 abrogatus
1461 1349 1481 1370 a
1506 1337 1541 1370 S.
1569 1337 1657 1369 Mal-

304 1395 412 1426 colmo
430 1405 520 1439 rege,
538 1401 665 1440 rogatu
682 1396 716 1429 S.
739 1396 958 1440 Margaretae
975 1395 1135 1439 reginae3
1162 1399 1203 1427 ut
1221 1398 1337 1427 tamen
1356 1404 1506 1426 marcam
1521 1393 1655 1437 argenti

304 1460 450 1492 sponsus
476 1452 519 1483 ad
545 1452 778 1485 redimendam
807 1462 889 1484 suae
915 1456 1043 1494 nuptae
1072 1450 1276 1493 pudicitiam
1307 1449 1429 1482 offerre
1458 1453 1655 1486 teneretur;

305 1507 396 1548 quod
414 1507 606 1540 etiamnum
625 1508 729 1541 hodie
747 1508 892 1541 sollicite
910 1518 930 1540 a
946 1507 1146 1550 proceribus
1164 1506 1398 1540 observatum.

351 1561 558 1595 Exstinctus
584 1568 636 1596 est
661 1574 752 1596 anno
785 1572 853 1595 VII.
887 1564 985 1607 regni
1009 1563 1074 1602 sui,
1107 1573 1199 1595 anno
1224 1572 1307 1594 vero
1332 1566 1412 1594 ante
1437 1553 1678 1594 salutiferum*

306 1622 442 1659 partum
463 1627 529 1651 xv.
577 1619 684 1652 Plura
702 1620 738 1651 in
756 1619 859 1652 rebus
878 1618 1031 1651 Scoticis.

554 1730 845 1763 GULIELMUS
874 1728 1268 1762 ELPHINSTONUS.
1321 1730 1400 1765 498.

303 1842 546 1875 GULIELMUS
564 1842 832 1885 Elphinstonus,
855 1843 1070 1876 nobilissima
1092 1841 1225 1874 familia
1248 1841 1427 1878 oriundus,
1455 1845 1474 1858 “
1493 1851 1562 1883 quo
1588 1851 1656 1873 me-

304 1899 454 1937 liorem,''
480 1899 529 1932 ait
548 1898 595 1931 H.
616 1898 784 1932 Boethius
802 1899 861 1931 lib.
882 1907 938 1931 lx.
968 1897 1102 1930 Histor.
1129 1896 1218 1929 Scot.
1246 1906 1325 1940 pag.
1353 1905 1496 1929 CCXLV.
1524 1901 1544 1915 “
1562 1901 1655 1929 aetas

303 1959 421 1986 nostra
433 1966 501 1987 non
515 1955 615 1987 vidit.
641 1954 820 1987 Audacter
831 1964 1026 1988 asseverare
1037 1952 1176 1991 audeo,”
1188 1952 1303 1996 pergit
1314 1952 1441 1985 ibidem
1453 1952 1517 1985 loci
1530 1952 1656 1985 Boeth-

304 2010 369 2047 ius,
388 2014 408 2028 “
422 2021 512 2048 eum,
526 2015 560 2043 et
573 2011 750 2053 publicum
768 2015 802 2043 et
820 2011 997 2053 privatum
1011 2008 1147 2053 magnis
1161 2018 1297 2040 summa
1314 2008 1415 2040 laude
1429 2012 1605 2041 versatum
1620 2008 1655 2039 in

303 2065 415 2102 rebus,
429 2065 585 2107 publicae
603 2076 736 2108 semper
754 2065 965 2098 consuluisse
982 2065 1108 2103 saluti3
1134 2064 1177 2096 ad
1195 2063 1230 2095 id
1248 2074 1383 2096 summa
1402 2064 1563 2096 annisum
1581 2074 1654 2106 ope,

303 2125 342 2152 ut
373 2131 531 2163 aequum,
559 2122 661 2165 leges,
685 2121 851 2165 justaque
877 2121 1041 2163 principis
1067 2120 1262 2153 authoritas
1293 2120 1556 2152 dominarentur
1581 2129 1657 2161 per-

304 2180 441 2215 sancte3
468 2176 698 2219 imperaretur
715 2177 846 2209 cunctis
866 2176 1103 2209 benevolentia
1120 2175 1232 2219 magis
1250 2186 1354 2218 quam
1373 2180 1479 2214 metu,
1506 2185 1655 2217 veroque

303 2232 409 2264 animi
427 2232 552 2265 affectu
569 2234 719 2275 populus
737 2236 962 2265 veneraretur
978 2242 1106 2275 regem,
1124 2231 1220 2274 plebs
1237 2231 1412 2264 nobilitati
1429 2230 1557 2273 absque
1575 2241 1656 2273 que-

302 2289 381 2327 rela,
409 2289 571 2332 omnique
597 2289 711 2321 levata
737 2288 866 2332 injuria
892 2288 1035 2321 audiens
1061 2292 1161 2326 esset,
1187 2291 1222 2319 et
1247 2287 1443 2332 morigera;
1470 2297 1531 2319 rex
1561 2284 1658 2330 flagi-
