1861 2682
613 259 783 292 GENTIS
808 259 1077 297 SCOTORUM,
1102 259 1188 291 LIB.
1214 259 1276 290 111.
1560 259 1620 292 139

684 408 719 440 S.
747 406 1063 440 COLMANNUS.
1115 409 1196 443 239.

262 521 295 553 S.
320 521 575 553 COLMANNUS
600 521 689 552 inter
711 518 986 561 splendidissima
1011 518 1144 550 Scotiae
1170 522 1307 551 nostrae
1331 523 1533 551 ornamenta
1559 518 1617 550 ha-

261 576 402 608 bendus.
430 575 531 607 Joan.
559 575 722 607 Leslaeus
750 574 807 606 lib.
840 582 889 605 lv.
922 572 1017 605 Hist.
1044 573 1198 606 Scoticae
1224 585 1304 618 pag.
1338 582 1480 606 CXLIII.
1513 573 1613 606 Hect.

260 631 427 664 Boethius
446 631 504 663 lib.
524 639 610 662 VIII.
635 630 671 661 in
696 629 761 661 fine
787 629 963 662 Historiae
982 630 1154 663 Scoticae:
1182 635 1202 649 ‘⁶
1221 631 1318 663 Inter
1343 635 1514 664 nostrates
1539 631 1616 664 Col-

258 697 416 724 mannus‚
442 686 591 724 Priscus,
612 685 792 723 Medauus,
812 685 994 725 Modmms,
1022 691 1056 719 et
1077 686 1270 725 Eucffinus,
1295 687 1457 730 episcopi,
1483 687 1614 719 Christi

258 741 429 784 dogmatis
448 752 508 784 per
526 740 705 773 Scotorum
724 746 758 773 et
776 740 953 772 Pictorum
971 753 1072 786 agros
1090 743 1138 785 pii
1157 743 1443 775 concionatores.”
1490 743 1615 775 Mona-

258 797 379 829 sticzun
399 797 507 829 vitam
526 801 577 828 est
601 796 776 838 professus
799 796 863 828 sub
885 798 1004 840 regula
1021 798 1056 830 S.
1075 798 1242 842 Congelli,
1267 810 1336 831 non
1360 804 1476 831 autem
1494 798 1529 832 S.
1550 798 1615 831 Be-

257 852 394 890 nedicti,
425 858 545 885 contra
574 862 678 894 quam
714 852 921 894 quibusdam
951 854 1095 886 eruditis
1124 855 1293 896 placuisse
1324 855 1435 887 video.
1499 855 1614 887 Caris-

256 908 364 941 simus
389 909 507 941 Oswio
530 907 864 940 Northumbriorum
888 908 962 951 regi
985 908 1028 940 ob
1051 909 1222 952 insignem
1247 910 1479 952 prudentiam,
1505 910 1614 953 parsi-

255 964 418 1002 moniam,
445 968 479 996 et
506 964 597 996 vitae
621 963 879 1001 continentiam,
904 964 959 995 sed
988 974 1093 1006 supra
1116 965 1241 1003 omnia,
1270 966 1448 1009 egregium
1472 967 1509 998 in
1529 977 1614 1008 pau-

255 1030 350 1061 peres
369 1020 540 1052 affectum.
574 1019 817 1052 Lindisfarnae
835 1020 1014 1062 episcopus
1028 1028 1086 1052 111.
1102 1019 1136 1051 S.
1150 1020 1310 1053 Firmano
1325 1021 1498 1060 successit,
1511 1026 1531 1040 ‘⁶
1545 1033 1612 1065 quo

254 1080 407 1118 tempore
432 1076 573 1119 gravior
598 1076 639 1108 de
665 1075 903 1108 observatione
930 1075 1091 1113 Paschae,
1116 1086 1177 1108 nec
1200 1087 1270 1108 non
1291 1080 1325 1108 et
1348 1077 1390 1108 de
1413 1077 1489 1110 aliis
1508 1078 1611 1110 eccle-

253 1131 410 1163 siasticae
429 1132 520 1164 vitae
539 1131 742 1173 disciplinis,
760 1132 996 1164 controversia
1008 1135 1090 1164 nata
1104 1133 1186 1170 est‚”
1205 1133 1254 1165 ait
1272 1132 1369 1165 Beda
1385 1133 1443 1165 lib.
1464 1142 1522 1165 111.
1538 1144 1610 1176 cap.

254 1194 351 1219 xxv.
382 1196 486 1228 super
513 1187 639 1228 quibus
674 1186 775 1219 rebus
810 1187 985 1230 ingentem
1020 1188 1170 1230 suscepit
1207 1189 1496 1221 concertationem
1533 1200 1611 1221 cum

252 1240 418 1274 Wilfrido
430 1241 641 1274 Eboracensi
656 1242 825 1284 episcopo,
841 1248 879 1274 ut
893 1243 1025 1285 prolixe
1039 1244 1224 1286 exequitur
1236 1243 1344 1282 Beda,
1359 1249 1393 1277 et
1408 1245 1610 1278 Matthaeus

251 1296 499 1330 westmonast.
524 1308 566 1329 ex
588 1308 657 1340 quo
683 1298 792 1339 liquet
817 1309 935 1342 regem
960 1299 1075 1340 ipsum
1099 1299 1298 1332 interfuisse
1321 1301 1563 1343 disputationi,
1591 1312 1611 1333 a

250 1363 319 1395 qua
332 1364 410 1386 cum
425 1354 520 1385 visus
535 1358 623 1386 esset
635 1353 778 1386 inferior
788 1354 954 1391 recedere,
968 1354 1041 1386 sine
1055 1355 1171 1387 dolore
1185 1366 1245 1387 seu
1259 1356 1494 1398 poenitudine,
1503 1362 1609 1389 “cum

250 1408 321 1441 suis
339 1409 376 1441 in
399 1408 549 1441 Scotiam
573 1410 763 1447 reversus,”
781 1414 821 1442 ut
842 1409 997 1452 loquitur
1014 1409 1264 1444 lVestmonast.
1289 1423 1371 1444 mox
1395 1424 1412 1445 e
1434 1413 1549 1445 Scotia
1572 1413 1610 1445 in

251 1464 381 1496 insulas
401 1464 582 1503 Hebrides,
609 1476 756 1507 quarum
776 1477 797 1498 a
813 1465 989 1498 nonnullis
1013 1467 1188 1508 apostolus
1213 1467 1370 1506 habetur,
1393 1469 1535 1513 collegio
1560 1469 1608 1501 ibi

251 1524 374 1552 erecto.
393 1520 494 1552 Joan.
515 1521 631 1564 Major
648 1521 706 1553 lib.
728 1530 768 1553 11.
789 1520 883 1554 Hist.
903 1521 990 1554 Scot.
1012 1532 1085 1564 cap.
1105 1531 1160 1555 XI.
1189 1522 1500 1566 Archiepiscopum
1525 1525 1606 1557 facit

250 1574 426 1608 Arnoldus
445 1575 562 1608 Uvion
579 1576 637 1608 lib.
652 1585 693 1608 11.
715 1575 822 1620 Ligni
840 1576 942 1609 Vitae
960 1588 1038 1621 pag.
1057 1587 1219 1611 CCXLVI.
1238 1584 1272 1611 et
1286 1581 1374 1612 male
1392 1591 1470 1613 cum
1488 1587 1604 1623 patro-

247 1641 292 1663 no
310 1630 476 1664 Austriae
494 1631 685 1664 confundit.
737 1631 825 1665 Vide
848 1630 886 1665 S.
910 1630 1121 1666 Colmanmcs
1138 1635 1226 1667 alius
1250 1635 1354 1668 infra.
1380 1635 1513 1669 Anton.
1539 1637 1606 1669 De-

248 1687 397 1719 mochar.
424 1686 573 1719 Sacrific.
603 1687 702 1720 Miss.
729 1691 813 1721 tom.
841 1697 899 1720 111.
927 1700 999 1732 cap.
1032 1699 1095 1722 xv.
1149 1690 1293 1734 Scripsit
1323 1702 1385 1734 pro
1413 1703 1450 1724 re
1475 1693 1606 1735 discep-

247 1746 331 1780 tata,

391 1797 459 1830 Pro
477 1798 586 1831 Sociis
605 1800 930 1842 quartadecumanis
1155 1802 1214 1834 lib.
1236 1811 1260 1834 I.
1279 1814 1347 1845 quo
1365 1804 1502 1836 nomine
1521 1804 1603 1837 Pas-

437 1854 501 1887 cha
519 1854 680 1887 Romano
698 1855 769 1887 ritu
787 1856 998 1890 celebrantes
1018 1857 1206 1890 deridebat.

389 1909 442 1942 De
460 1909 622 1942 Tonsura
640 1910 851 1943 Clericorum
1153 1913 1212 1946 lib.
1234 1922 1257 1945 I.
1285 1925 1365 1947 nam
1389 1926 1428 1947 ea
1445 1916 1600 1958 quaestio
1631 1919 1636 1923 '

438 1976 507 1998 non
524 1967 668 1999 minima
684 1972 767 2000 tunc
784 1972 868 2006 erat,
886 1968 935 2000 ait
952 1967 1058 2001 Beda.

389 2019 679 2054 Exhortationem
696 2023 739 2055 ad
758 2022 989 2057 Hebridianos
1152 2025 1209 2058 lib.
1230 2034 1254 2057 1.
1270 2026 1346 2059 MS.
1365 2027 1401 2058 in
1420 2027 1599 2060 bibliothe-

437 2086 476 2107 ca
493 2077 584 2120 regis
602 2077 839 2111 Christianiss.

294 2130 544 2173 Episcopatum
575 2132 893 2167 Lindisfarnensem
922 2137 1104 2178 occupavit
1131 2148 1186 2170 an.
1218 2138 1278 2170 sal.
1308 2146 1444 2171 DCLXI.
1472 2139 1595 2171 Franc.

246 2186 404 2219 Godwin.
468 2186 510 2219 In
545 2187 694 2220 Scotiam
724 2199 806 2221 vero
836 2191 938 2223 rediit
968 2202 1059 2225 anno
1089 2201 1253 2226 DCLXIV.
1288 2198 1321 2226 et
1355 2195 1473 2227 eodem
1507 2206 1596 2227 anno

246 2241 416 2275 Hebrides
451 2243 686 2287 adnavigavit.
733 2244 784 2277 M.
815 2245 1100 2280 westmonaster.
1148 2248 1285 2282 Obiisse
1319 2251 1471 2282 creditur
1505 2261 1595 2282 anno

246 2306 394 2330 DCLxx.
423 2299 487 2332 sub
513 2298 708 2332 Mailduino
733 2311 824 2344 rege.
877 2301 1012 2334 Colitur
1040 2312 1130 2336 XIII.
1159 2304 1281 2338 Octob.
1310 2306 1459 2349 Martyr.
1486 2305 1592 2350 Angl.
