1861 2682
258 261 319 290 108
631 258 858 290 HISTORIA
881 255 1245 290 ECCLESIASTICA

259 353 340 385 cuit.
392 351 482 396 Ejus
500 351 543 384 ad
561 361 615 384 me
633 353 826 383 venerunt:

402 408 512 451 Super
534 405 747 450 Astrologia,
770 405 893 449 ingens
915 408 949 436 et
973 403 1111 436 doctum
1136 403 1298 436 volumen
1321 407 1374 435 ter
1398 401 1529 434 editum
1548 400 1613 433 La-

451 463 523 495 tine
540 465 575 494 et
593 460 732 500 Gallice,
1176 457 1235 490 lib.
1255 465 1281 489 1.

405 518 517 561 Super
535 516 784 550 Mathematica
800 514 1023 548 Genethliaca
1173 513 1232 546 lib.
1253 521 1278 545 1.

403 572 637 606 Arithmetica
1175 568 1235 601 lib.
1254 576 1280 601 1.

403 629 540 661 Musica
557 627 745 660 secundum
764 626 959 659 Platonicos
1172 624 1232 657 lib.
1253 633 1279 657 1.

402 684 455 717 De
473 682 624 716 Mathesi
642 683 679 714 in
695 692 820 725 genere
1175 679 1234 713 lib.
1254 688 1278 713 Ι.

310 740 446 774 Floruit
464 749 554 772 anno
573 745 749 770 MDinv.

722 848 1026 884 BUNDEVICA.
1079 852 1158 887 199.

260 965 539 997 BUNDEvchM
564 962 750 1007 quandam,
776 960 971 994 Amazonio
996 961 1069 994 ritu
1094 961 1302 1000 bellicosam,
1328 961 1420 994 inter
1444 966 1615 994 nostrates

261 1021 453 1053 eruditione
478 1024 512 1052 et
537 1019 674 1062 scriptis
700 1018 852 1062 insignes
875 1016 1041 1050 referunt.
1094 1017 1190 1050 Haec
1214 1016 1396 1050 Scotorum
1420 1016 1511 1060 regis
1536 1017 1615 1054 filia,

261 1077 524 1114 Britannorum,
550 1074 611 1117 qui
636 1084 729 1107 nunc
754 1078 837 1106 sunt
861 1072 982 1117 Angli,
1007 1073 1139 1117 regina,
1164 1073 1275 1105 multa
1301 1076 1419 1105 contra
1441 1071 1616 1105 Romanos

261 1138 399 1164 strenue
417 1132 535 1175 gessit,
554 1130 791 1173 coloniamque
805 1128 944 1161 delevit.
985 1127 1140 1167 Tacitus,
1154 1126 1233 1166 Dio,
1247 1126 1464 1171 Xiphilinus.
1503 1127 1615 1164 Quam

261 1187 436 1229 scripsisse
458 1187 580 1219 volunt
598 1186 706 1223 varia,
725 1189 760 1218 et
777 1184 813 1217 in
830 1184 896 1223 his,

405 1241 594 1274 Conciones
614 1241 785 1274 Militares
1318 1238 1376 1271 lib.
1400 1247 1421 1271 1.

404 1298 587 1335 Querelam
605 1307 748 1329 suorum
766 1295 980 1338 Temporum
1316 1294 1377 1327 lib.
1398 1304 1421 1327 1.

401 1352 580 1395 Epistolas
594 1352 637 1384 ad
652 1351 830 1393 Principes
846 1349 1110 1382 Provinciarum
1126 1348 1302 1393 (Balaeus)
1321 1349 1379 1382 lib.
1401 1358 1424 1382 1.

404 1408 458 1441 De
475 1407 680 1440 excutiendo
697 1405 720 1438 J
724 1417 791 1451 ugo
809 1405 968 1439 Romano
1321 1405 1380 1438 lib.
1401 1413 1425 1437 Ι.
1460 1404 1617 1438 Andreas

452 1463 685 1506 Tiraquellus,
703 1462 852 1495 Nobilit.
871 1472 944 1504 cap.
964 1469 1082 1494 XXXI.
1100 1471 1197 1495 num.
1217 1469 1378 1494 CCCXVI.

403 1519 457 1552 De
475 1518 725 1551 Obsidionibus
744 1517 895 1550 Urbium
1321 1516 1380 1549 lib.
1402 1525 1425 1549 1.

405 1574 458 1607 De
476 1573 646 1607 Exercitu
663 1573 815 1617 pedestri
833 1573 989 1606 ducendo
1323 1571 1381 1605 lib.
1401 1580 1426 1604 1.

310 1630 410 1664 Vixit
427 1641 518 1663 auno
535 1630 657 1663 salutis
680 1638 743 1662 cx.
763 1629 822 1661 sed
840 1629 927 1661 nihil
945 1629 1054 1672 ipsius
1080 1631 1217 1671 praeter
1242 1638 1368 1661 nomen
1393 1628 1437 1661 ad
1462 1639 1516 1661 me
1541 1640 1615 1672 per-

264 1687 398 1720 venisse
412 1686 540 1719 fateor:
558 1685 640 1718 fides
655 1686 701 1719 sit
714 1696 818 1728 penes
832 1685 919 1717 illos.
948 1684 1039 1717 Eam
1053 1684 1179 1717 extulit
1193 1684 1341 1728 eleganti
1355 1688 1389 1717 et
1402 1685 1501 1717 suavi
1517 1695 1617 1718 versu

265 1742 474 1775 Edmundus
491 1741 694 1784 spenserus,
712 1745 813 1784 poeta
830 1740 1060 1779 doctissimus,
1078 1740 1115 1772 in
1133 1739 1260 1772 Ruinis
1278 1738 1471 1782 Temporis.

563 1850 812 1885 GEORGIUS
837 1850 1192 1884 BUCHANANUS.
1242 1852 1323 1883 200.

269 1970 288 1983 “
315 1964 520 1998 GEORGlUs
556 1964 799 2005 Buchananus,
839 1963 1007 1996 Minorita
1040 1963 1285 2002 excucullatus,
1324 1962 1514 1996 Bacchicus
1553 1965 1619 1997 his-

268 2021 348 2058 trio,
397 2025 431 2053 et
470 2021 592 2053 atheus
635 2021 766 2062 poeta‚”
812 2019 926 2062 inquit
967 2017 1143 2051 Gilbertus
1185 2018 1427 2052 Genebrardus
1466 2019 1620 2053 Chrono-

267 2076 358 2120 logia
391 2075 435 2107 ad
468 2086 598 2108 annum
634 2083 828 2107 MDLXXII.
891 2074 944 2107 De
978 2074 1143 2118 religione
1178 2074 1268 2107 enim
1303 2074 1482 2108 Catholica
1514 2077 1619 2119 pessi-

267 2142 321 2163 me
351 2135 403 2163 est
432 2131 587 2168 meritus,
618 2135 652 2163 et
683 2130 758 2163 ideo
789 2129 1050 2163 contumeliosas
1085 2140 1183 2163 voces
1216 2130 1316 2163 facile
1349 2130 1425 2164 viro
1458 2132 1619 2175 religioso

268 2187 368 2226 dono,
395 2186 450 2219 cui
476 2185 618 2229 majoris
643 2185 713 2218 fuit
736 2185 903 2219 momenti
929 2185 1038 2228 pietas
1063 2196 1167 2228 quam
1193 2186 1353 2219 eruditio.
1421 2186 1545 2219 Paucis
1570 2193 1620 2219 to-

269 2248 339 2275 tam
366 2242 475 2285 ipsius
501 2241 608 2274 vitam
635 2241 818 2286 attingam.
868 2240 986 2274 Nobili
1012 2242 1084 2274 loco
1110 2242 1146 2274 in
1172 2241 1319 2275 Levinia
1348 2246 1461 2281 natus,
1489 2243 1547 2275 sed
1572 2249 1620 2275 te-

270 2298 342 2337 nui,
366 2298 480 2341 prima
501 2297 618 2331 studia
639 2297 676 2330 in
699 2298 822 2340 patria,
849 2307 929 2330 mox
956 2296 1100 2330 Parisiis
1125 2298 1299 2337 exercuit3
1326 2298 1380 2331 vir
1402 2297 1524 2337 factus,
1550 2309 1621 2330 ma-
