1861 2682
620 251 791 285 GENTIS
815 249 1084 287 SCOTORUM,
1108 249 1194 280 LIB.
1220 249 1277 280 IV.
1569 253 1627 281 211

422 346 475 378 De
494 344 646 377 Ecclesia
664 344 797 376 Scotica
1143 342 1202 375 lib.
1223 351 1246 374 1.
1265 341 1357 384 quod
1375 351 1461 384 opus
1478 341 1501 373 J
1504 343 1627 375 aeobus

469 401 598 444 Tyrius
616 400 746 432 fatetur
763 410 798 431 se
817 399 952 431 vidisse.

326 457 463 489 Floruit
480 467 570 488 anno
589 463 752 488 DCLXIV.
802 454 954 486 Joannes
972 453 1136 486 Leslaeus
1154 453 1210 486 lib.
1230 462 1281 486 IV.
1300 465 1378 498 pag.
1398 462 1506 486 CLIX.
1562 453 1626 486 Co·

277 513 362 544 litur
380 521 403 544 1.
422 511 531 544 Junii.
576 511 733 543 Breviar.
752 510 842 543 Scot.

769 621 802 654 s.
829 620 999 653 DARJA.
1050 607 1130 653 3'85.

274 733 307 766 S.
334 733 479 772 DAR1A‚
504 734 609 765 vidua
634 733 851 766 sanctissima
876 732 988 769 Scota,
1015 731 1048 764 S.
1073 731 1191 764 Mauri
1217 732 1309 766 Scoti
1335 734 1501 777 principis
1526 745 1626 773 uxor,

274 789 309 821 S.
328 788 488 827 Ursulae,
506 789 682 832 virgineae
700 789 844 832 legionis
863 788 969 826 ducis,
991 792 1111 820 mater.
1163 788 1288 821 Petrus
1306 789 1365 822 lib.
1386 799 1440 822 IX.
1470 790 1628 834 Catalogi

273 855 346 886 cap.
362 852 517 876 XXCVII.
547 843 635 876 Cum
650 844 767 876 eadem
785 844 923 876 fortiter
936 854 1046 885 passa,
1061 843 1195 875 itineris
1213 855 1252 876 ac
1268 845 1399 888 gloriae
1417 856 1540 879 comes.
1569 846 1628 879 Ab

273 900 373 932 istius
391 900 556 942 reliquiis,
579 900 615 931 in
639 899 844 931 Hiberniam
869 898 1076 940 importatis,
1103 899 1287 932 comitatus
1313 900 1406 932 illius
1428 903 1541 945 gentis
1559 903 1628 944 pri-

272 966 361 994 mus,
381 960 415 987 et
433 954 606 999 Lageniae
629 958 742 996 caput,
768 953 925 985 Kildaria
944 958 1108 993 vocatur3
1136 965 1157 986 a
1178 955 1344 997 reliquiis,
1371 956 1525 999 inquam,
1551 958 1627 1000 ipsa

272 1011 364 1043 enim
388 1021 566 1053 nunquam
591 1009 797 1042 Hiberniam
823 1009 922 1047 vidit,
949 1020 1029 1041 nam
1055 1010 1092 1042 in
1117 1009 1234 1043 Scotia
1255 1011 1355 1050 vixit,
1382 1011 1419 1044 in
1441 1012 1628 1046 Germania

274 1066 428 1098 excessit.
481 1065 626 1107 Scripsit

417 1120 690 1153 Exhortationes
708 1120 751 1152 ad
769 1120 962 1153 castitatem
1186 1123 1245 1156 lib.
1267 1132 1291 1155 1.

319 1176 427 1208 Passa
445 1177 583 1208 videtur
600 1186 690 1207 anno
706 1184 841 1208 CDLIV.
861 1187 939 1208 cum
957 1176 1028 1209 filia
1045 1182 1079 1209 et
1096 1177 1238 1220 reliquis
1256 1179 1463 1223 virginibus,
1483 1181 1518 1213 id
1537 1181 1628 1213 enim

272 1231 398 1264 Petrus
429 1231 617 1274 Equilinus
649 1231 793 1269 asserit3
823 1232 881 1263 alii
908 1243 1038 1264 annum
1069 1232 1099 1264 ei
1129 1234 1309 1278 assignant
1336 1236 1437 1279 longe
1467 1237 1628 1279 priorem,

270 1287 398 1319 scilicet
418 1295 623 1319 cnxxxm.
650 1291 793 1328 apparet
810 1291 927 1319 autem
945 1298 1022 1320 cum
1049 1287 1119 1320 filia
1139 1299 1287 1331 passam,
1314 1291 1407 1333 quod
1432 1293 1551 1325 eodem
1575 1293 1630 1326 die

271 1343 403 1375 colatur
421 1350 506 1375 XXI.
525 1341 665 1374 Octobr.

732 1454 766 1488 S.
793 1454 1024 1490 DEICOLA.
1076 1457 1156 1491 386.

269 1565 303 1598 S.
339 1565 536 1604 DEICOLA‚
570 1566 675 1599 abbas
709 1566 744 1600 S.
780 1567 925 1600 Martini
960 1567 1070 1601 Sutrii
1109 1570 1146 1602 in
1187 1570 1367 1611 Hetruria,
1401 1579 1630 1617 cognomento

270 1618 447 1659 Inclusus,
478 1622 533 1654 cui
559 1622 700 1655 abeunti
726 1622 763 1655 in
797 1623 890 1655 coelo
920 1622 953 1655 S.
981 1624 1217 1660 columbanus
1243 1626 1377 1667 Scotus,
1408 1631 1449 1662 de
1479 1641 1548 1673 quo
1576 1641 1630 1662 su-

267 1687 340 1719 pra,
360 1678 534 1715 successit,
554 1682 588 1710 et
607 1678 679 1720 ipse
698 1679 906 1711 sanctissimi
924 1678 1131 1713 Columbani
1157 1682 1262 1721 Scoti,
1287 1685 1348 1727 qui
1375 1685 1526 1718 Bobium
1552 1686 1629 1718 fun-

268 1733 376 1771 davit,
405 1733 606 1776 discipulus,
639 1734 738 1777 cujus
769 1734 910 1766 baculus
941 1739 1070 1768 terram
1101 1739 1296 1779 percutiens
1327 1739 1458 1773 fontem
1487 1742 1628 1774 uberem

268 1789 394 1827 elicuit,
419 1789 478 1831 qui
502 1800 594 1821 nunc
619 1794 725 1828 extat,
752 1790 912 1833 idemque
935 1796 1092 1824 armenta
1117 1804 1137 1825 a
1160 1794 1323 1836 luporum
1349 1796 1490 1839 injuria,
1517 1803 1628 1830 terrae

268 1843 406 1882 infixus,
433 1845 645 1884 vindicavit3
674 1850 707 1878 et
737 1857 815 1878 cum
838 1845 1034 1885 Versarius,
1060 1849 1219 1881 ecclesiae
1243 1850 1542 1884 Sanmartinianae
1569 1864 1628 1895 pa—

268 1905 400 1937 tronus,
419 1901 474 1932 vir
491 1905 623 1942 potens,
643 1902 761 1933 valvas
786 1902 975 1939 clausisset,
1000 1908 1138 1936 sanctus
1164 1905 1333 1939 divinitus
1360 1915 1511 1940 reserato
1537 1909 1627 1941 ostio

270 1955 312 1987 ad
347 1956 515 1987 orandum
550 1957 706 1995 intravit,
741 1963 775 1989 et
814 1958 873 2000 qui
914 1958 957 1989 ad
992 1969 1071 1990 eum
1113 1961 1335 1994 occidendum
1378 1964 1486 2002 missi,
1530 1965 1626 1997 rubis

269 2011 436 2053 templum
465 2012 692 2044 vestientibus
722 2013 899 2055 prohibiti,
932 2023 1169 2048 recesserunt:
1203 2021 1239 2050 at
1265 2018 1322 2050 ille
1352 2019 1423 2052 irae
1453 2021 1626 2063 impotens

268 2066 441 2108 praecepit
475 2067 546 2098 suis
581 2068 772 2106 clientibus,
808 2069 1004 2111 ubicunque
1038 2079 1196 2104 sanctum
1227 2074 1427 2116 reperirent,
1460 2077 1626 2119 genitalia

269 2122 299 2154 ei
318 2122 566 2160 exscinderent,
591 2128 624 2155 et
644 2135 661 2155 e
680 2125 827 2167 vestigio
853 2125 918 2167 ipsi
943 2124 1107 2159 Versario
1133 2129 1300 2171 genitalia
1317 2132 1533 2165 atrocissimo
1551 2143 1626 2165 cru-

268 2177 360 2209 ciatu
389 2177 642 2216 intumuerunt,
672 2186 712 2211 ut
739 2189 840 2211 uxor·
858 2185 974 2212 coacta
1007 2181 1113 2215 fuerit
1142 2183 1318 2217 Deicolam
1354 2198 1533 2226 accersere,
1564 2191 1621 2221 sed

269 2243 345 2265 cum
374 2233 506 2264 tardius
533 2234 740 2273 advenisset,
773 2235 829 2267 ille
859 2236 1012 2275 obierat;
1045 2243 1118 2270 tum
1150 2245 1292 2273 sanctus
1320 2243 1461 2275 domum
1495 2245 1624 2288 ingres-

268 2299 337 2326 sus,
370 2289 474 2320 radiis
505 2289 585 2321 solis
611 2300 672 2331 per
698 2290 882 2323 fenestram
910 2292 1183 2336 irrumpentibus
1210 2308 1352 2340 cappam
1381 2300 1555 2341 imposuit,
1588 2302 1623 2333 in
