1861 2682
576 248 748 281 GENTIS
771 246 1040 284 SCOTORUM‚
1065 246 1152 278 LIB.
1177 247 1202 277 1.
1531 248 1569 277 18

215 345 374 378 steriores
401 342 618 376 Ticinensem
644 341 680 373 in
707 340 810 374 Italia
832 339 994 378 scholam,
1015 339 1162 383 jubente
1185 337 1303 372 eodem
1327 338 1492 381 principe,
1517 339 1566 372 in·

214 400 414 433 stituerunt.
464 397 514 431 Et
530 401 614 430 tunc
630 396 770 439 quidem
787 396 824 428 in
840 395 1004 428 universa
1022 394 1167 438 Europa
1183 395 1271 427 duae
1288 394 1368 426 illae
1385 394 1477 426 solae
1495 393 1568 426 fue-

214 460 308 494 runt,
339 453 529 487 incredibili
563 452 676 496 gentis
711 454 848 484 nostrae
881 450 1189 489 commendatione,
1224 461 1245 482 a
1278 448 1389 482 Scotis
1425 453 1566 482 erectae.

213 511 344 543 Anton.
359 509 483 542 Sabell.
498 507 655 541 Ennead.
671 515 756 539 vlu.
772 506 830 539 lib.
847 514 902 539 lx.
917 507 954 539 in
968 506 1098 539 limine.
1127 504 1297 538 Historici
1311 504 1414 543 Galli,
1426 508 1461 537 et
1475 503 1567 536 Scoti

212 576 319 608 paene
336 575 464 598 omnes.
508 563 776 607 Elegantissime
790 562 826 594 in
838 561 981 595 Lutetia
996 572 1058 594 sua
1072 560 1281 604 Rudolphus
1296 559 1464 593 Botereus
1477 558 1511 591 J.
1527 558 1565 591 C.

211 621 395 653 historicus
425 630 464 652 ac
494 624 595 663 poeta
625 618 712 651 acris
733 618 869 662 judicii,
894 617 1105 650 limatissimi
1136 616 1229 659 styli,
1259 615 1319 659 qui
1347 625 1416 648 non
1442 620 1493 648 est
1524 615 1564 647 ad

212 686 364 709 manum.
418 675 526 708 Poeta
542 675 641 713 alius,
660 673 865 712 Germanus,
885 673 933 705 sic
950 672 1074 705 habet:

504 742 582 777 Quid
596 752 651 771 non
665 742 796 774 Alcuino,
810 741 930 770 facunda
946 741 1071 774 Lutetia,
1085 741 1179 773 debes,

506 789 665 816 Instaurare
678 789 763 816 bonas
778 788 817 815 ibi
832 788 881 825 qui
896 787 1017 815 feliciter
1030 793 1113 819 artes,

503 834 719 871 Barbariemque
733 833 830 871 procul
844 833 943 861 Scotus
957 832 1099 870 depellere
1113 832 1225 870 coepit?

211 899 258 932 Et
276 898 488 933 Eustachius
505 897 681 931 Prutenus
698 901 855 941 poemate
871 897 914 928 de
932 896 1146 929 Parisiorum
1165 895 1285 928 Laude
1299 905 1307 927 :

502 982 574 1009 Ecce
588 990 674 1009 senex
688 980 802 1018 quidam
818 979 908 1008 Scotis
922 979 1045 1015 agitatus
1058 979 1093 1006 ab
1106 978 1169 1010 oris,

540 1026 651 1054 Attulit
665 1031 774 1063 optatos
788 1026 817 1053 in
831 1025 891 1053 loca
905 1025 988 1052 Galla
1002 1024 1095 1062 pedes.

506 1073 615 1100 Nomen
629 1072 721 1099 adhuc
733 1072 872 1103 meminit,
886 1070 1013 1108 quamvis
1026 1070 1138 1101 cariosa,
1153 1075 1287 1103 vetustas,

539 1118 679 1146 Alcuinus
692 1117 824 1145 meritum
838 1116 1010 1154 posteritatis
1023 1116 1116 1143 habet.

503 1162 582 1196 Quas
595 1172 711 1199 posuere
725 1162 839 1194 scholas,
854 1172 985 1200 superare
999 1161 1103 1199 palatia
1116 1171 1215 1199 regum

539 1207 705 1239 structuris,
719 1208 819 1244 spatio,
834 1208 1002 1245 sumptibus,
1017 1213 1076 1235 arte
1091 1213 1183 1245 putes.

256 1287 364 1321 Errat
397 1285 636 1328 multipliciter
669 1283 848 1317 Arnoldus
882 1283 999 1317 Uvion
1033 1284 1092 1317 lib.
1125 1293 1184 1318 111.
1217 1284 1320 1331 Lign.
1352 1285 1454 1319 Vitae
1483 1297 1562 1331 pag.

209 1351 402 1377 Deccxul.
420 1341 481 1384 qui
499 1351 576 1373 cum
594 1339 785 1373 Alcuinum
804 1339 891 1372 falso
908 1339 1068 1384 Anglum
1086 1339 1232 1380 fecisset,
1251 1343 1387 1386 cogitur
1400 1346 1515 1375 tamen
1530 1343 1562 1374 vi

209 1397 366 1431 veritatis
390 1396 435 1429 D.
461 1396 634 1429 Joannem
658 1395 800 1428 Scotum
824 1396 1018 1434 diaconum,
1043 1399 1077 1428 et
1102 1395 1288 1436 doctorem,
1312 1407 1351 1430 ac
1373 1397 1565 1430 academiae

208 1453 414 1488 Parisiensis
428 1452 647 1486 fundatorem
661 1452 844 1495 appellare,
859 1452 924 1490 vel,
939 1455 979 1484 ut
993 1451 1051 1483 alii
1064 1451 1203 1491 habent,
1216 1451 1406 1495 Papiensis,
1418 1463 1564 1495 eumque

207 1520 285 1543 cum
303 1509 479 1541 Clemente
496 1518 540 1541 ex
561 1507 678 1540 Scotia
701 1507 847 1540 venisse.
898 1506 1033 1540 Deinde
1058 1507 1201 1551 gravior
1225 1508 1353 1552 lapsus,
1380 1508 1463 1541 dum
1489 1519 1565 1541 con-

208 1564 325 1598 fundit
341 1564 434 1596 hunc
449 1563 473 1596 J
475 1574 620 1596 oannem
640 1574 718 1596 cum
736 1562 892 1608 Erigena
909 1562 1033 1596 abbate
1049 1562 1281 1604 Vercellensi3
1309 1575 1395 1608 quos
1410 1564 1563 1596 diversos

207 1631 290 1659 esse,
307 1621 416 1653 disces
434 1630 476 1652 ex
493 1619 536 1652 iis
554 1630 642 1662 quae
659 1619 792 1662 scripsi.

255 1675 328 1709 Nec
345 1676 459 1709 minor
475 1677 592 1718 lapsus
612 1674 734 1707 Heliae
752 1674 922 1714 Putschii,
941 1675 1001 1718 qui
1025 1675 1165 1718 putavit
1188 1674 1357 1708 Albinum
1381 1675 1525 1708 citatum
1543 1687 1563 1707 a

209 1732 386 1766 Prisciano
403 1731 461 1764 lib.
478 1740 548 1764 vn.
563 1742 605 1764 ex
619 1730 678 1764 lib.
695 1740 718 1764 1.
738 1730 870 1763 Rerum
888 1730 1075 1763 Romanar.
1091 1741 1164 1764 esse
1177 1730 1367 1764 Alcuinum
1380 1735 1537 1764 nostrum
1551 1742 1559 1769 ;

207 1789 306 1832 cujus
327 1798 448 1821 versus
469 1787 579 1820 lenior
600 1791 652 1820 est
669 1797 772 1830 quam
790 1790 831 1818 ut
847 1797 868 1818 a
884 1790 1003 1820 nostro
1021 1786 1077 1825 sit,
1103 1792 1144 1819 ut
1165 1786 1326 1820 omittam
1344 1786 1561 1820 Priscianum

208 1844 357 1877 Alcuino
374 1844 494 1877 multis
511 1843 634 1876 seculis
651 1843 814 1886 priorem.
865 1841 996 1875 Versus
1013 1846 1096 1875 sunt
1112 1842 1170 1875 isti
1184 1852 1191 1873 :

499 1913 553 1941 Ille
567 1912 612 1940 cui
627 1912 715 1940 ternis
729 1911 867 1949 Capitolia
881 1911 953 1939 celsa
967 1911 1127 1948 triumphis.

499 1959 604 1996 Sponte
619 1959 713 1986 Deum
727 1963 853 1995 patuere,
867 1957 912 1985 cui
927 1958 999 1985 freta
1013 1957 1091 1985 nulla
1104 1962 1235 1994 repostos.

498 2004 677 2032 Abscondere
690 2004 777 2036 sinus,
792 2013 847 2031 non
861 2008 940 2032 tutae
955 2003 1098 2031 moenibus
1113 2003 1203 2031 urbes.

256 2067 306 2100 Ut
322 2077 392 2100 non
408 2067 522 2110 potuit
539 2068 673 2100 laudari
691 2078 711 2100 a
729 2067 918 2107 Prisciano,
936 2068 986 2100 ita
1002 2078 1023 2100 a
1040 2067 1198 2100 Maximo
1215 2066 1396 2100 Victorino
1414 2066 1558 2100 citatum

203 2125 283 2167 jure
294 2123 469 2161 existimo;
485 2123 541 2155 ille
554 2123 645 2156 enim
660 2123 696 2156 in
710 2123 768 2156 lib.
784 2124 825 2155 de
839 2123 1002 2156 Carmine
1017 2123 1166 2156 Heroico
1177 2123 1227 2156 ita
1237 2122 1361 2156 habet:
1377 2126 1398 2141 “
1408 2122 1558 2155 Albinus

209 2181 243 2212 in
262 2179 349 2211 libro
366 2189 468 2222 quem
486 2179 527 2211 de
544 2179 664 2211 metris
681 2179 830 2222 scripsit,
848 2179 897 2212 sic
911 2188 920 2211 ε

501 2232 593 2260 Vilem
607 2232 745 2269 spondaeo
759 2238 849 2260 totum
864 2232 1028 2261 concludere
1041 2232 1177 2260 versum?

255 2287 304 2321 Et
321 2287 439 2322 Scotos
456 2288 595 2331 quidem
619 2298 689 2321 non
711 2287 846 2332 Anglos
871 2288 978 2323 fuisse
1003 2288 1177 2322 affirmant
1193 2293 1401 2327 constanter,
1421 2291 1556 2330 praeter
