1861 2682
1512 252 1530 279 20

1533 252 1573 279 8

569 255 740 288 GENTIS
765 252 1034 289 SCOTORUM,
1060 252 1146 283 LIB.
1173 252 1228 282 IV.

506 403 760 438 HENRICUS
785 403 852 436 DE
879 401 1022 435 DOMO
1048 401 1146 434 DEI.
1199 401 1278 436 407.

218 525 237 537 “
258 518 469 551 HENRICUS
487 517 528 549 de
545 516 659 549 Domo
677 515 741 548 Dei
757 515 909 554 Scotus,’'
928 514 1042 558 inquit
1056 513 1220 546 Nicolaus
1235 512 1437 545 Paschalius
1452 510 1572 543 Alido-

216 576 298 611 sius,
318 579 338 593 “
356 573 533 606 Bononiae
547 572 606 616 jus
624 572 723 604 civile
742 573 833 604 claro
851 571 989 605 nomine
1012 574 1047 603 et
1071 580 1198 614 magna
1220 568 1417 612 frequentia
1442 566 1572 610 profes-

217 631 306 663 sus.''
358 629 515 671 Scripsit,
534 628 652 660 eodem
670 631 819 666 auctore,

360 684 588 723 Quaestiones
606 684 642 716 in
660 683 682 715 J
686 694 746 716 ure
1083 682 1142 715 lib.
1163 690 1187 714 1.

359 740 498 773 Glossas
516 741 552 772 in
571 739 682 784 Leges
1084 739 1142 772 lib.
1164 747 1186 770 Ι.

263 795 416 829 Docebat
434 795 612 828 Bononiae
629 805 719 827 anno
738 802 949 827 MCCLXXX.

687 905 967 939 DONALDUs.
1021 908 1100 939 408.

216 1021 449 1059 DONALDUS,
470 1020 651 1052 Scotorum
670 1019 706 1051 in
730 1018 774 1051 D.
793 1018 815 1050 J
819 1018 913 1051 acobi
938 1018 1084 1062 Majoris
1112 1017 1292 1059 Herbipoli
1316 1017 1572 1053 coenobiarcha,

215 1076 394 1108 ordinatus
413 1076 455 1108 ab
473 1075 618 1108 Alberto
639 1075 680 1107 de
700 1074 916 1112 Hohenlohe‚
941 1075 1100 1117 episcopo
1121 1073 1375 1116 Herbipolensi.
1427 1073 1573 1116 Scripsit

361 1131 652 1164 Exhortationem
671 1132 714 1163 ad
732 1130 834 1163 Cives
854 1130 1123 1173 Herbipolenses
1319 1130 1380 1162 lib.
1402 1138 1425 1162 Ι.
1445 1130 1504 1172 qui
1524 1140 1574 1161 re-

407 1187 619 1219 bellaverant
653 1187 696 1219 ab
731 1187 890 1229 episcopo
920 1197 992 1224 suo,
1026 1186 1085 1218 sed
1115 1187 1219 1230 longo
1258 1186 1446 1218 obsidionis
1485 1187 1575 1218 malo

407 1242 541 1279 domiti,
568 1243 769 1275 interventu
795 1242 910 1274 Caroli
936 1242 1157 1284 imperatoris
1188 1242 1225 1274 in
1254 1242 1402 1286 gratiam
1431 1252 1508 1274 cum
1535 1254 1574 1274 eo

407 1298 597 1331 redierunt.

263 1353 420 1388 Praefuit
438 1353 538 1386 annis
557 1362 677 1386 XXIII.
703 1364 794 1386 anno
814 1361 1079 1386 MCCCLXXXV.
1131 1353 1328 1387 Chronicon
1352 1354 1435 1386 dicti
1460 1365 1576 1387 mona-

214 1411 320 1444 ste-rii.

744 1521 913 1555 DAVID.
967 1524 1045 1559 409.

216 1636 362 1673 DAVID‚
381 1634 535 1678 ejusdem
554 1634 708 1666 coenobii
727 1634 842 1673 abbas,
859 1634 1023 1667 Thadaeo
1037 1645 1221 1673 successor,
1242 1635 1341 1679 cujus
1356 1635 1443 1668 libro
1458 1644 1574 1668 XVIII.

216 1692 345 1725 mentio
364 1702 383 1723 a
401 1701 456 1722 me
472 1689 574 1728 facta,
593 1700 671 1722 curn
691 1698 778 1722 VIII.
797 1691 897 1722 annis
916 1690 1166 1723 monasterium
1191 1691 1284 1724 istud
1308 1692 1445 1736 egregie
1468 1693 1575 1724 rexis-

215 1752 277 1785 set,
295 1747 338 1779 ad
357 1746 611 1779 Ratisbonense
629 1746 879 1779 monasterium
898 1746 1080 1779 Scotorum
1101 1748 1302 1786 translatuS,
1326 1759 1489 1792 magnam
1507 1749 1575 1791 pri-

217 1803 425 1847 vilegiorum
442 1807 578 1845 partem
597 1813 712 1835 secum
731 1803 950 1835 transtulisse
967 1803 1180 1845 perhibetur.
1237 1802 1322 1836 Fuit
1336 1808 1452 1836 autem
1470 1805 1574 1837 abbas

217 1869 360 1891 numero
376 1866 492 1890 XXIX.
532 1857 730 1891 Chronicon
747 1859 937 1891 laudatum.
977 1858 1068 1903 Ejus
1087 1859 1252 1892 dicuntur
1269 1861 1439 1892 asservari
1458 1860 1575 1893 Ratis-

217 1916 335 1953 bonae,

363 1968 405 2000 In
424 1969 637 2001 Hieremiam
656 1968 905 2003 Commentarii
1084 1971 1143 2004 lib.
1164 1980 1187 2003 1.

266 2025 412 2058 Creatus
432 2030 483 2058 est
501 2025 645 2057 antistes
663 2036 754 2058 anno
780 2034 1039 2059 MCCCCLXXV.
1065 2027 1205 2070 quando
1231 2027 1364 2067 obierit,
1392 2039 1461 2061 non
1484 2040 1575 2062 com-

218 2092 300 2124 peri.

661 2175 695 2208 S.
723 2176 999 2211 DAMIANUS.
1051 2181 1133 2213 410.

219 2250 253 2281 S.
290 2249 514 2281 DAMIANUS
554 2248 744 2291 presbyter,
790 2249 955 2282 Merinati
997 2251 1132 2284 diaconi
1166 2263 1364 2296 germanus,
1408 2254 1574 2291 Gelasiaea‘

221 2305 361 2343 Merini,
395 2303 572 2343 Merinati,
603 2302 757 2344 Eusebii,
789 2305 991 2344 Thebaeuli,
1025 2306 1199 2350 Sylvanei,
1234 2313 1268 2342 et
1299 2309 1413 2348 Nerei,
1444 2316 1575 2351 coaeta-

868 2364 888 2393 2
909 2370 934 2393 G
