1861 2682
236 261 276 288 20
606 258 829 290 HISTORIA
855 259 1215 291 ECCLESIASTICA

384 350 513 383 Contra
532 349 751 393 Paganorum
770 348 1039 392 Superstitiones
1194 350 1253 382 lib.
1273 358 1298 382 1.

381 405 626 438 Ordinationes
644 403 817 436 Ecclesiae
835 403 1035 437 Sodorensis
1196 405 1255 437 lib.
1276 413 1300 436 1.

383 460 570 493 Conciones
1195 459 1253 492 lib.
1273 467 1297 491 1.

287 515 386 549 Vixit
403 516 492 548 circa
509 525 638 547 annum
656 522 828 547 cccxxv,

690 624 724 657 S.
750 624 1016 658 ADRIANUS.
1066 627 1122 660 17.

238 737 272 769 S.
290 737 513 774 ADRIANUS,
532 735 710 768 Scotorum
728 735 900 767 maximus
921 735 1112 778 episcopus,
1135 735 1223 768 iram
1241 734 1421 767 Danorum
1439 735 1585 767 declina-

238 797 348 830 turus,
373 801 449 824 cum
473 790 592 822 multis
615 791 681 832 piis
700 790 835 833 fugiens
853 790 889 821 in
907 790 1055 822 insulam
1074 790 1215 828 Maiam,
1240 800 1327 833 quae
1351 790 1387 821 in
1412 790 1584 822 aestuario

238 846 388 879 Forthae
405 846 518 888 posita
534 844 750 877 Laudoniam
769 845 859 883 hinc,
878 845 955 877 inde
975 844 1090 877 Fifam
1108 845 1293 887 despectat,
1319 845 1468 883 secessit,
1494 855 1585 877 mar·

237 902 396 944 tyrioque
408 901 550 933 affectus
562 905 623 932 est.
656 900 722 932 Sed
736 900 839 932 verba
854 899 954 932 Hect.
971 899 1094 933 Boeth.
1110 911 1152 933 ex
1167 901 1225 933 lib.
1242 909 1280 932 x.
1297 899 1390 932 Hist.
1405 899 1494 932 Scot.
1506 910 1584 944 pag.

237 965 337 989 CCVI.
353 957 549 989 audiantur.
569 961 589 974 “
604 955 675 988 Sub
686 955 720 987 id
734 959 870 998 tempus
882 956 949 987 illis
962 956 997 987 in
1011 956 1209 999 regionibus
1223 956 1344 999 ingens
1359 960 1433 988 erat
1446 956 1584 998 piorum

236 1022 399 1044 numerus
425 1011 660 1044 Christianum
686 1011 812 1054 dogma
832 1011 985 1053 undique
1008 1011 1286 1052 propalantium;
1318 1010 1381 1042 hos
1408 1014 1587 1052 persecuta

236 1066 414 1099 Danorum
433 1067 590 1108 impietas
608 1076 715 1108 quum
734 1066 844 1097 multa
860 1065 1027 1097 affecisset
1044 1069 1169 1108 strage,
1186 1065 1299 1108 major
1312 1065 1448 1107 piorum
1467 1075 1585 1098 eorum

235 1132 313 1164 pars
333 1132 410 1154 cum
427 1121 594 1158 Adriano,
612 1120 791 1152 Scotorum
811 1125 884 1152 tum
907 1121 1065 1162 episcopo
1089 1121 1251 1159 maximo,
1278 1120 1314 1152 in
1338 1119 1469 1153 Maiam
1491 1121 1585 1153 insu-

235 1177 314 1214 lam,
333 1176 390 1208 ubi
409 1180 484 1208 tum
502 1176 637 1219 insigne
654 1180 727 1207 erat
745 1175 991 1207 monachorum
1009 1174 1222 1213 coenobium,
1245 1179 1285 1208 ut
1302 1176 1435 1208 instans
1452 1175 1585 1217 pericu-

235 1233 305 1263 lum
321 1231 515 1268 declinaret,
530 1230 704 1274 fugiebat:
723 1230 863 1272 quidam
879 1235 1004 1267 autem,
1018 1231 1097 1262 licet
1112 1230 1223 1272 pauci,
1237 1230 1392 1263 cavernis
1407 1230 1584 1272 antrisque

234 1287 420 1324 latitantes,
442 1297 542 1328 parce
565 1291 598 1318 et
620 1286 754 1318 duriter
775 1288 1007 1317 sustentantes
1030 1284 1138 1316 vitam
1157 1284 1346 1317 evadebant
1363 1285 1581 1318 occidionem.

235 1342 300 1374 Sed
318 1342 435 1374 Danos
454 1352 514 1373 nec
532 1341 724 1373 reverentia
741 1340 805 1372 loci
827 1349 888 1371 nec
914 1340 1068 1372 virorum
1094 1340 1288 1372 innocentia
1313 1340 1469 1378 retinuit,
1496 1341 1582 1382 quin

235 1397 488 1429 sanctissimum
515 1406 593 1428 eum
620 1399 765 1433 coetum,
792 1394 953 1427 coenobio
978 1395 1126 1432 incenso,
1154 1395 1319 1427 inauditis
1337 1395 1513 1437 suppliciis
1531 1395 1583 1427 in-

236 1452 445 1484 terimerent.
497 1450 593 1482 Haec
607 1454 658 1482 est
672 1450 865 1482 veneranda
879 1454 1072 1492 martyrum
1091 1449 1221 1487 cohors,
1241 1460 1343 1492 quam
1362 1454 1480 1482 nostra
1497 1454 1583 1482 tem-

234 1510 366 1549 pestate
383 1507 418 1538 in
437 1506 533 1538 Maia
550 1507 663 1538 insula
681 1505 811 1549 Anglia
828 1510 861 1537 et
884 1504 998 1537 Scotia
1020 1515 1154 1537 summa
1177 1505 1370 1537 reverentia
1393 1504 1580 1537 fidelissimi

235 1561 362 1604 quique
388 1565 666 1603 prosequuntur:
693 1561 804 1592 locum
830 1561 1010 1593 hominum
1036 1560 1229 1602 frequentia
1254 1570 1293 1592 eo
1323 1558 1581 1599 confluentium,

235 1617 360 1649 additis
375 1616 439 1649 Dei
454 1616 667 1659 benignitate
680 1616 689 1647 i
695 1627 715 1648 n
730 1616 801 1647 dies
815 1615 972 1658 pluribus
987 1615 1171 1652 miraculis,
1186 1615 1417 1647 venerandum
1432 1615 1580 1648 reddidit

234 1677 337 1715 atque
354 1672 536 1715 insignem.
563 1671 756 1713 Supersunt
774 1675 889 1703 tantae
907 1670 1141 1702 multitudinis
1159 1671 1304 1712 paucula
1322 1670 1405 1702 haec
1419 1670 1580 1703 nomina:

233 1727 409 1759 Adrianus
427 1727 641 1758 venerandus
659 1727 814 1764 antistes,
834 1725 1034 1763 Glodianus,
1061 1724 1178 1763 Gaius,
1206 1729 1245 1757 ut
1271 1726 1328 1757 alii
1353 1725 1483 1763 dicunt,
1503 1725 1579 1758 Μο-

234 1793 345 1814 nanus
362 1781 478 1814 Sancti
496 1781 656 1814 Andreae
670 1781 940 1818 archidiaconus,
954 1780 1181 1812 Stolbrandus
1195 1780 1384 1822 episcopus.
1423 1781 1576 1819 Caetera,

233 1848 302 1880 qua
318 1838 450 1869 ratione
467 1837 560 1869 haud
577 1837 705 1879 liquide
723 1840 866 1874 constat,
888 1836 930 1867 ad
956 1840 1109 1868 nostram
1135 1846 1204 1867 nou
1229 1840 1460 1877 pervenerunt
1485 1841 1577 1869 aeta-

234 1898 313 1925 tem.
364 1892 444 1924 Non
470 1892 593 1924 desunt
618 1891 677 1934 qui
704 1891 854 1923 scribant
879 1891 1111 1923 sanctissimos
1138 1889 1267 1922 Christi
1287 1894 1455 1932 martyres
1475 1889 1577 1923 Hun-

233 1958 334 1991 garos
350 1947 456 1979 fuisse
474 1957 608 1991 genere,
626 1947 662 1978 in
680 1946 830 1978 Scotiam
848 1945 1078 1978 Ethnicorum
1096 1945 1279 1983 feritatem,
1297 1956 1384 1988 quae
1406 1945 1470 1977 sub
1487 1946 1577 1979 idem

232 2006 367 2044 tempus
395 2003 430 2034 in
460 2001 645 2033 Germania
670 2000 951 2038 debacchabatur,
977 2000 1159 2044 fugientes,
1185 2001 1373 2032 servandae
1398 2001 1574 2044 religionis

233 2067 344 2094 causa,
363 2057 559 2099 trajecisse3
586 2056 644 2087 alii
664 2066 705 2087 ex
722 2055 832 2087 Scotis
850 2054 1043 2098 Anglisque
1060 2053 1216 2097 gregarie
1234 2054 1410 2085 collectos:
1437 2054 1495 2085 sed
1512 2064 1576 2086 un-

233 2112 408 2154 decunque
425 2111 565 2148 fuerint,
583 2110 828 2142 consuetudine
847 2109 965 2141 Scotos
983 2108 1098 2145 fuisse,
1113 2119 1228 2140 veram
1247 2109 1401 2141 docuisse
1419 2113 1453 2141 et
1471 2109 1575 2141 verbo

231 2172 265 2200 et
281 2177 381 2209 opere
398 2167 571 2208 pietatem,
594 2169 789 2197 constanter
814 2164 950 2197 tandem
976 2174 1038 2205 pro
1065 2163 1193 2195 Christi
1212 2163 1349 2195 nomine
1367 2163 1573 2206 martyrium

231 2232 359 2264 passos
388 2222 512 2253 relatos
541 2221 578 2252 in
608 2220 766 2252 divorum
795 2229 987 2256 numerum,
1019 2218 1246 2261 beneficiaque
1275 2219 1331 2261 pie
1355 2218 1572 2260 poscentibus

232 2281 405 2319 praestare
418 2276 581 2319 quotidie,
596 2275 693 2312 nulli,
707 2274 766 2317 qui
781 2285 854 2306 eam
868 2275 1041 2318 regionem
1055 2274 1163 2312 novit,
1177 2278 1290 2316 potest
1301 2284 1373 2306 esse
1385 2273 1573 2317 ignotum.”
