1861 2682
586 256 758 288 GENTIS
783 254 1054 293 SCOTORUM,
1080 253 1167 286 LIB.
1194 253 1270 285 VII.
1557 254 1618 283 313

690 404 725 439 S.
752 403 1042 439 GISVALDUS.
1095 405 1177 437 582.

256 518 290 550 S.
310 517 538 551 GISVALDUS
557 518 742 557 confessor,
760 518 873 551 socius
891 528 930 550 ac
948 516 1138 560 discipulus
1157 516 1190 549 S.
1213 515 1407 559 Disybodii‚
1426 518 1461 547 et
1479 524 1558 547 cum
1578 525 1617 547 eo

256 584 299 606 ex
316 574 431 617 patria
448 585 607 618 egressus
625 574 662 606 in
680 574 803 619 Belgio
822 573 980 607 substitit
998 573 1042 605 ad
1057 573 1216 605 Montem
1234 571 1319 604 Divi
1338 571 1447 609 Petri,
1461 575 1502 603 ut
1515 581 1621 613 supra

256 629 315 662 lib.
336 638 387 662 IV.
406 630 550 669 dictum,
575 634 609 662 et
633 630 708 663 vita
731 630 823 673 apud
847 630 989 662 Surium
1014 633 1174 662 testatur.
1227 627 1336 660 Errat
1361 637 1444 660 vero
1467 625 1620 658 Joannes

256 685 432 725 Leslaeus,
451 686 511 729 qui
530 686 567 718 in
586 686 699 719 Fulda
717 697 773 719 eos
793 686 922 719 vixisse
939 685 1060 719 scribit
1078 685 1138 718 lib.
1159 693 1210 717 1v.
1230 694 1308 728 pag.
1329 691 1439 716 CLXI.
1458 693 1541 715 nam
1559 682 1620 714 diu

255 746 334 785 post
352 741 415 775 hos
433 741 499 775 Dei
517 742 610 776 viros
629 742 802 785 depositos
821 741 935 775 Fulda
952 752 972 774 a
991 740 1102 775 Scotis
1121 741 1282 779 condita3
1310 743 1350 773 ut
1376 739 1413 772 in
1431 738 1494 772 SS.
1514 738 1622 772 Boni-

257 797 338 831 facii
372 802 407 831 et
438 798 575 831 Rabani
607 799 704 837 actis,
735 798 800 831 hoc
830 808 945 841 opere.
1001 797 1140 841 Scripta
1170 796 1432 830 interciderunt.
1487 794 1621 828 Claruit

258 865 349 889 anno
368 863 536 888 DCLXIV.

732 966 767 1000 S.
795 964 1015 1000 GONORA.
1067 967 1150 999 583.

261 1080 295 1113 S.
315 1080 497 1119 GONORA‚
516 1091 577 1113 seu
595 1079 771 1118 Guanora,
793 1078 945 1112 Arthuri
964 1079 1058 1111 illius
1076 1078 1218 1111 celebris
1237 1077 1388 1122 Angliae
1405 1078 1498 1123 regis
1525 1089 1624 1116 uxor,

260 1141 293 1170 et
324 1137 445 1170 vivens
473 1141 507 1169 et
536 1136 694 1179 deposita
722 1135 797 1168 Deo
822 1139 971 1178 accepta,
1001 1139 1104 1179 capta
1133 1135 1170 1167 in
1195 1135 1326 1178 praelio
1356 1146 1376 1167 a
1408 1134 1520 1168 Scotis
1552 1134 1628 1166 Pic-

259 1194 384 1236 tisque,
418 1193 479 1235 qui
512 1193 555 1225 ad
591 1191 792 1224 Humbrum
825 1190 1025 1224 Arthurum
1059 1191 1233 1231 fuderant,
1269 1191 1305 1224 in
1340 1190 1456 1224 Scotia
1490 1192 1627 1233 sepulta

260 1250 423 1293 Megylae
448 1248 650 1281 duodecimo
676 1247 719 1280 ab
744 1246 868 1280 Alecto
894 1248 1045 1287 milliari,
1074 1247 1135 1280 ubi
1163 1247 1354 1281 etiamnum
1382 1247 1484 1280 hodie
1511 1252 1627 1280 tumu-

259 1307 313 1338 lus
339 1305 476 1343 visitur,
506 1303 683 1336 miraculis
707 1303 866 1342 assiduis,
888 1304 1043 1337 sectariis
1068 1304 1154 1347 ipsis
1180 1303 1383 1342 fatentibus,
1410 1302 1626 1340 celebratus3

259 1372 340 1394 nam
374 1370 599 1404 quaecunque
633 1360 794 1392 mulieres
828 1360 943 1392 locum
972 1361 1116 1398 calcant,
1150 1360 1381 1398 sterilescunt,
1412 1369 1519 1403 quare
1549 1364 1629 1391 ante

259 1428 387 1461 paucos
420 1427 540 1455 annos,
582 1427 661 1449 cum
703 1414 901 1459 frequentes
943 1426 983 1448 eo
1023 1415 1173 1449 feminae
1206 1415 1464 1448 incontinentes
1502 1414 1631 1448 conflu-

261 1478 368 1512 erent,
398 1477 438 1506 ut
465 1472 606 1516 impune
633 1471 810 1505 libidinari
837 1476 990 1515 possent,
1021 1482 1085 1505 nec
1109 1476 1250 1505 uterum
1276 1476 1425 1516 gestare,
1456 1471 1557 1515 quasi
1583 1471 1632 1504 bi-

261 1527 388 1566 dental,
418 1527 540 1570 cippus
569 1537 670 1558 muro
697 1526 861 1559 inclusus·
916 1527 1048 1562 Hector
1078 1527 1250 1562 Boethius
1278 1527 1338 1561 lib.
1367 1537 1422 1560 lx.
1453 1538 1527 1571 cap.
1558 1536 1630 1560 XII.

262 1583 298 1616 in
327 1583 485 1616 versione
508 1582 646 1627 vulgari
669 1581 692 1614 J
695 1581 791 1614 aeobi
810 1581 1015 1624 Ballantini,
1041 1584 1195 1629 theologi
1214 1583 1453 1624 Sorbonensis,
1480 1584 1539 1617 ubi
1558 1584 1629 1616 sic:

263 1644 283 1658 ‘⁶
302 1638 486 1672 Guanorae
503 1639 660 1672 tumulus
685 1643 757 1671 tam
783 1638 943 1683 religiose
968 1640 1095 1679 aditur,
1122 1645 1162 1674 ut
1188 1640 1351 1673 mulieres
1377 1640 1475 1673 illum
1503 1641 1632 1673 calcare

262 1699 459 1734 vereantur,
477 1699 604 1738 putant
629 1694 721 1728 enim
748 1695 917 1728 calcantes
943 1696 1042 1728 reddi
1068 1696 1215 1735 steriles,
1241 1702 1281 1729 ut
1307 1696 1382 1739 ipsa
1407 1695 1508 1729 fuit.'’
1558 1696 1634 1728 Me-

262 1752 366 1785 minit
383 1750 536 1784 Joannes
553 1750 719 1784 Leslaeus
738 1750 797 1783 lib.
822 1759 873 1783 IV.
892 1762 971 1797 pag.
991 1760 1128 1785 CXLVI.
1182 1751 1251 1785 Hic
1276 1756 1328 1785 est
1353 1753 1411 1785 ille
1437 1751 1631 1791 Arthurus,

262 1809 304 1841 de
337 1819 407 1852 quo
441 1806 632 1841 Gaufridus
667 1806 943 1840 Monumetensis
986 1812 1085 1841 tanta
1125 1819 1164 1841 ac
1197 1812 1270 1841 tam
1305 1809 1506 1853 prodigiosa
1543 1819 1635 1841 com-

263 1869 412 1903 mentus,
437 1868 478 1897 ut
495 1863 621 1896 merito
639 1863 769 1896 ironice
786 1861 982 1897 Arthurius
1007 1864 1165 1898 dicatur:
1191 1865 1260 1903 ille,
1287 1865 1317 1897 si
1343 1876 1457 1909 nugae
1484 1865 1632 1908 placent,

263 1931 334 1954 non
351 1920 517 1953 finitimos
536 1920 638 1953 modo
657 1919 787 1958 Scotos,
816 1918 944 1959 Pictos,
971 1924 1005 1953 et
1028 1920 1204 1954 Hibernos
1229 1921 1296 1955 sibi
1322 1920 1487 1960 subdidit,
1514 1921 1574 1954 sed
1600 1927 1634 1953 et

264 1977 433 2016 Islandos,
480 1976 702 2015 Pomeranos,
744 1975 928 2016 Lituanos,
975 1976 1134 2016 Russios,
1179 1977 1311 2017 Danos,
1359 1977 1633 2016 Fin-Marchios,

264 2033 443 2073 Zelandos,
474 2031 640 2072 Livonos,
671 2031 816 2071 Gothos,
847 2031 1061 2073 Armoricos,
1093 2033 1277 2074 Flandros,
1306 2034 1513 2074 Hollandos,
1546 2033 1633 2067 Bra-

264 2090 399 2129 bantos,
434 2089 603 2128 Morinos,
639 2088 864 2127 Orcadianos,
899 2088 1103 2129 Britannos,
1133 2090 1385 2135 universasque
1416 2090 1547 2124 Gallias
1579 2092 1632 2124 sui

261 2146 352 2190 juris
382 2145 488 2185 fecit3
524 2145 667 2188 insuper
697 2143 919 2183 Graecorum,
950 2145 1149 2185 Persarum,
1180 2145 1367 2179 Medorum
1396 2157 1495 2191 reges
1531 2147 1634 2179 vecti-

265 2203 359 2247 gales
387 2201 489 2241 fecit3
521 2201 680 2245 denique,
711 2211 753 2233 ne
783 2201 867 2244 quid
895 2201 1023 2234 solidae
1051 2202 1182 2246 gloriae
1213 2202 1357 2243 deesset,
1389 2202 1538 2236 Lucium
1566 2202 1634 2234 Ro-

266 2269 447 2291 manorum
485 2257 729 2301 imperatorem
764 2256 828 2289 sub
857 2257 986 2302 jugum
1016 2257 1123 2291 misit.
1177 2258 1227 2291 Et
1257 2259 1336 2302 quis
1366 2259 1450 2292 haec
1483 2258 1634 2291 Autum-

266 2315 302 2348 ni
338 2311 496 2354 somnia,
515 2319 549 2347 et
584 2313 739 2347 Milesias
774 2312 1019 2348 fascinationes
1053 2313 1153 2354 ferat,
1192 2325 1272 2348 cum
1301 2326 1322 2348 a
1352 2315 1463 2348 Scotis
1492 2315 1548 2348 ille
1579 2314 1635 2346 Pi-
