<?xml version="1.0" encoding="UTF-8"?>
<!DOCTYPE html PUBLIC "-//W3C//DTD XHTML 1.0 Transitional//EN"
    "http://www.w3.org/TR/xhtml1/DTD/xhtml1-transitional.dtd">
<html xmlns="http://www.w3.org/1999/xhtml" xml:lang="en" lang="en">
 <head>
  <title>
</title>
<meta http-equiv="Content-Type" content="text/html;charset=utf-8" />
  <meta name='ocr-system' content='tesseract 3.04.00' />
  <meta name='ocr-capabilities' content='ocr_page ocr_carea ocr_par ocr_line ocrx_word'/>
</head>
<body>
  <div class='ocr_page' id='page_1' title='image "./thomaedempsterih00bann_0345.png"; bbox 0 0 1861 2682; ppageno 0'>
   <div class='ocr_carea' id='block_1_1' title="bbox 635 268 1625 301">
    <p class='ocr_par' dir='ltr' id='par_1_1' title="bbox 635 268 1625 301">
     <span class='ocr_line' id='line_1_1' title="bbox 635 268 1625 301; baseline -0.004 0"><span class='ocrx_word' id='word_1_1' title='bbox 635 269 860 301; x_wconf 85' lang='lat' dir='ltr'><strong>HISTORIA</strong></span> <span class='ocrx_word' id='word_1_2' title='bbox 885 268 1258 300; x_wconf 88' lang='lat' dir='ltr'><strong>ECCLESIASTICA.</strong></span> <span class='ocrx_word' id='word_1_3' title='bbox 1565 269 1625 300; x_wconf 72' lang='lat'><strong>273</strong></span> 
     </span>
    </p>
   </div>
   <div class='ocr_carea' id='block_1_2' title="bbox 263 359 1626 1020">
    <p class='ocr_par' dir='ltr' id='par_1_2' title="bbox 263 359 1626 954">
     <span class='ocr_line' id='line_1_2' title="bbox 266 359 1620 407; baseline -0.004 -11"><span class='ocrx_word' id='word_1_4' title='bbox 266 364 445 407; x_wconf 79' lang='lat' dir='ltr'><strong>episcopus</strong></span> <span class='ocrx_word' id='word_1_5' title='bbox 463 363 603 406; x_wconf 81' lang='lat' dir='ltr'><strong>quidam</strong></span> <span class='ocrx_word' id='word_1_6' title='bbox 622 362 843 395; x_wconf 83' lang='lat' dir='ltr'>laudabiliter</span> <span class='ocrx_word' id='word_1_7' title='bbox 860 362 1110 405; x_wconf 86' lang='lat' dir='ltr'><strong>praedicandus</strong></span> <span class='ocrx_word' id='word_1_8' title='bbox 1130 361 1268 393; x_wconf 88' lang='lat' dir='ltr'><strong>nomine</strong></span> <span class='ocrx_word' id='word_1_9' title='bbox 1287 359 1450 398; x_wconf 84' lang='lat' dir='ltr'>Faustus,</span> <span class='ocrx_word' id='word_1_10' title='bbox 1477 360 1537 402; x_wconf 93' lang='lat' dir='ltr'><strong>qui</strong></span> <span class='ocrx_word' id='word_1_11' title='bbox 1559 370 1620 402; x_wconf 83' lang='lat' dir='ltr'><strong>pro</strong></span> 
     </span>
     <span class='ocr_line' id='line_1_3' title="bbox 266 414 1622 463; baseline -0.004 -11"><span class='ocrx_word' id='word_1_12' title='bbox 266 419 331 452; x_wconf 87' lang='lat' dir='ltr'><strong>fide</strong></span> <span class='ocrx_word' id='word_1_13' title='bbox 349 420 528 452; x_wconf 85' lang='lat' dir='ltr'><strong>Catholiea</strong></span> <span class='ocrx_word' id='word_1_14' title='bbox 546 419 648 463; x_wconf 86' lang='lat' dir='ltr'><strong>longe</strong></span> <span class='ocrx_word' id='word_1_15' title='bbox 665 429 684 451; x_wconf 86' lang='lat' dir='ltr'><strong>a</strong></span> <span class='ocrx_word' id='word_1_16' title='bbox 703 418 867 451; x_wconf 79' lang='lat' dir='ltr'>cathedra</span> <span class='ocrx_word' id='word_1_17' title='bbox 884 428 947 450; x_wconf 86' lang='lat' dir='ltr'><strong>sua</strong></span> <span class='ocrx_word' id='word_1_18' title='bbox 965 418 1086 461; x_wconf 87' lang='lat' dir='ltr'><strong>jussus</strong></span> <span class='ocrx_word' id='word_1_19' title='bbox 1103 417 1218 449; x_wconf 85' lang='lat' dir='ltr'><strong>fuerat</strong></span> <span class='ocrx_word' id='word_1_20' title='bbox 1235 416 1413 461; x_wconf 83' lang='lat' dir='ltr'><strong>relega1·i.&#39;&#39;</strong></span> <span class='ocrx_word' id='word_1_21' title='bbox 1464 414 1513 448; x_wconf 88' lang='lat' dir='ltr'><strong>Et</strong></span> <span class='ocrx_word' id='word_1_22' title='bbox 1530 420 1622 458; x_wconf 90' lang='lat' dir='ltr'><strong>post-</strong></span> 
     </span>
     <span class='ocr_line' id='line_1_4' title="bbox 267 471 1622 518; baseline -0.003 -10"><span class='ocrx_word' id='word_1_23' title='bbox 267 486 306 508; x_wconf 87' lang='lat' dir='ltr'><strong>ea</strong></span> <span class='ocrx_word' id='word_1_24' title='bbox 324 476 425 513; x_wconf 88' lang='lat' dir='ltr'><strong>idem,</strong></span> <span class='ocrx_word' id='word_1_25' title='bbox 444 475 562 518; x_wconf 85' lang='lat' dir='ltr'><strong>paucis</strong></span> <span class='ocrx_word' id='word_1_26' title='bbox 581 474 771 518; x_wconf 85' lang='lat' dir='ltr'><strong>interjectis</strong></span> <span class='ocrx_word' id='word_1_27' title='bbox 786 485 794 506; x_wconf 71' lang='grc' dir='ltr'>ε</span> <span class='ocrx_word' id='word_1_28' title='bbox 816 478 837 492; x_wconf 88' lang='grc'><strong>“</strong></span> <span class='ocrx_word' id='word_1_29' title='bbox 850 473 1067 516; x_wconf 86' lang='lat' dir='ltr'><strong>Supplicanti</strong></span> <span class='ocrx_word' id='word_1_30' title='bbox 1085 483 1289 505; x_wconf 87' lang='lat' dir='ltr'><strong>consensum</strong></span> <span class='ocrx_word' id='word_1_31' title='bbox 1307 472 1467 515; x_wconf 86' lang='lat' dir='ltr'><strong>praebuit</strong></span> <span class='ocrx_word' id='word_1_32' title='bbox 1481 471 1516 504; x_wconf 87' lang='lat' dir='ltr'><strong>S.</strong></span> <span class='ocrx_word' id='word_1_33' title='bbox 1532 471 1622 504; x_wconf 87' lang='lat' dir='ltr'><strong>Fau-</strong></span> 
     </span>
     <span class='ocr_line' id='line_1_5' title="bbox 265 527 1623 573; baseline -0.002 -10"><span class='ocrx_word' id='word_1_34' title='bbox 265 531 370 563; x_wconf 80' lang='lat' dir='ltr'><strong>stus.”</strong></span> <span class='ocrx_word' id='word_1_35' title='bbox 407 530 601 573; x_wconf 82' lang='lat' dir='ltr'>Episcopus</span> <span class='ocrx_word' id='word_1_36' title='bbox 620 530 815 562; x_wconf 86' lang='lat' dir='ltr'><strong>Germanus</strong></span> <span class='ocrx_word' id='word_1_37' title='bbox 832 528 1032 562; x_wconf 89' lang='lat' dir='ltr'><strong>Lerinensis</strong></span> <span class='ocrx_word' id='word_1_38' title='bbox 1050 530 1086 561; x_wconf 94' lang='lat' dir='ltr'><strong>in</strong></span> <span class='ocrx_word' id='word_1_39' title='bbox 1105 529 1250 571; x_wconf 83' lang='lat' dir='ltr'><strong>epistola</strong></span> <span class='ocrx_word' id='word_1_40' title='bbox 1267 529 1310 561; x_wconf 84' lang='lat' dir='ltr'><strong>ad</strong></span> <span class='ocrx_word' id='word_1_41' title='bbox 1328 529 1525 561; x_wconf 83' lang='lat' dir='ltr'><strong>Arnoldum</strong></span> <span class='ocrx_word' id='word_1_42' title='bbox 1545 527 1623 560; x_wconf 90' lang='lat' dir='ltr'><strong>Bel-</strong></span> 
     </span>
     <span class='ocr_line' id='line_1_6' title="bbox 263 585 1621 630; baseline -0.001 -12"><span class='ocrx_word' id='word_1_43' title='bbox 263 597 355 630; x_wconf 83' lang='lat' dir='ltr'><strong>gam,</strong></span> <span class='ocrx_word' id='word_1_44' title='bbox 381 594 415 619; x_wconf 88' lang='lat' dir='ltr'><strong>et</strong></span> <span class='ocrx_word' id='word_1_45' title='bbox 441 586 577 619; x_wconf 82' lang='lat' dir='ltr'><strong>tabulae</strong></span> <span class='ocrx_word' id='word_1_46' title='bbox 604 585 803 618; x_wconf 79' lang='lat' dir='ltr'><strong>Lerinensis</strong></span> <span class='ocrx_word' id='word_1_47' title='bbox 830 586 1042 618; x_wconf 82' lang='lat' dir='ltr'><strong>monasterii.</strong></span> <span class='ocrx_word' id='word_1_48' title='bbox 1094 585 1236 617; x_wconf 87' lang='lat' dir='ltr'>Celebre</span> <span class='ocrx_word' id='word_1_49' title='bbox 1262 596 1388 617; x_wconf 89' lang='lat' dir='ltr'><strong>nomen</strong></span> <span class='ocrx_word' id='word_1_50' title='bbox 1416 585 1522 628; x_wconf 87' lang='lat' dir='ltr'><strong>hujus</strong></span> <span class='ocrx_word' id='word_1_51' title='bbox 1548 588 1621 616; x_wconf 87' lang='lat' dir='ltr'><strong>erat</strong></span> 
     </span>
     <span class='ocr_line' id='line_1_7' title="bbox 265 640 1623 685; baseline -0.001 -11"><span class='ocrx_word' id='word_1_52' title='bbox 265 642 308 674; x_wconf 94' lang='lat' dir='ltr'><strong>ob</strong></span> <span class='ocrx_word' id='word_1_53' title='bbox 326 642 544 674; x_wconf 85' lang='lat' dir='ltr'><strong>sanctitatem</strong></span> <span class='ocrx_word' id='word_1_54' title='bbox 563 653 624 685; x_wconf 89' lang='lat' dir='ltr'><strong>per</strong></span> <span class='ocrx_word' id='word_1_55' title='bbox 642 642 795 679; x_wconf 50' lang='lat' dir='ltr'><strong>Galliam</strong></span> <span class='ocrx_word' id='word_1_56' title='bbox 819 652 888 684; x_wconf 88' lang='lat' dir='ltr'><strong>qua</strong></span> <span class='ocrx_word' id='word_1_57' title='bbox 906 652 1018 680; x_wconf 86' lang='lat' dir='ltr'><strong>causa,</strong></span> <span class='ocrx_word' id='word_1_58' title='bbox 1043 645 1078 674; x_wconf 86' lang='lat' dir='ltr'><strong>et</strong></span> <span class='ocrx_word' id='word_1_59' title='bbox 1100 641 1243 674; x_wconf 80' lang='lat' dir='ltr'><strong>basilica</strong></span> <span class='ocrx_word' id='word_1_60' title='bbox 1269 641 1299 673; x_wconf 87' lang='lat' dir='ltr'><strong>ei</strong></span> <span class='ocrx_word' id='word_1_61' title='bbox 1326 645 1448 679; x_wconf 80' lang='lat' dir='ltr'><strong>erecta,</strong></span> <span class='ocrx_word' id='word_1_62' title='bbox 1475 646 1510 673; x_wconf 87' lang='lat' dir='ltr'><strong>et</strong></span> <span class='ocrx_word' id='word_1_63' title='bbox 1528 640 1623 672; x_wconf 87' lang='lat' dir='ltr'><strong>Mar-</strong></span> 
     </span>
     <span class='ocr_line' id='line_1_8' title="bbox 265 696 1624 741; baseline -0.001 -12"><span class='ocrx_word' id='word_1_64' title='bbox 265 698 438 741; x_wconf 83' lang='lat' dir='ltr'><strong>tyrologio</strong></span> <span class='ocrx_word' id='word_1_65' title='bbox 474 699 646 741; x_wconf 83' lang='lat' dir='ltr'><strong>ascriptus</strong></span> <span class='ocrx_word' id='word_1_66' title='bbox 680 698 777 740; x_wconf 82' lang='lat' dir='ltr'><strong>ipse:</strong></span> <span class='ocrx_word' id='word_1_67' title='bbox 812 709 831 729; x_wconf 90' lang='lat' dir='ltr'><strong>a</strong></span> <span class='ocrx_word' id='word_1_68' title='bbox 864 696 998 730; x_wconf 87' lang='lat' dir='ltr'><strong>Joanne</strong></span> <span class='ocrx_word' id='word_1_69' title='bbox 1033 697 1175 730; x_wconf 86' lang='lat' dir='ltr'><strong>Molano</strong></span> <span class='ocrx_word' id='word_1_70' title='bbox 1210 697 1247 728; x_wconf 87' lang='lat' dir='ltr'><strong>in</strong></span> <span class='ocrx_word' id='word_1_71' title='bbox 1282 696 1533 729; x_wconf 85' lang='lat' dir='ltr'><strong>Additionibus</strong></span> <span class='ocrx_word' id='word_1_72' title='bbox 1568 707 1624 728; x_wconf 81' lang='lat' dir='ltr'><strong>ex—</strong></span> 
     </span>
     <span class='ocr_line' id='line_1_9' title="bbox 264 751 1623 798; baseline -0.001 -12"><span class='ocrx_word' id='word_1_73' title='bbox 264 758 412 795; x_wconf 87' lang='lat' dir='ltr'><strong>punctus</strong></span> <span class='ocrx_word' id='word_1_74' title='bbox 436 754 604 798; x_wconf 86' lang='lat' dir='ltr'><strong>injuriose</strong></span> <span class='ocrx_word' id='word_1_75' title='bbox 627 753 752 792; x_wconf 87' lang='lat' dir='ltr'><strong>fuerat,</strong></span> <span class='ocrx_word' id='word_1_76' title='bbox 777 753 869 796; x_wconf 91' lang='lat' dir='ltr'><strong>quod</strong></span> <span class='ocrx_word' id='word_1_77' title='bbox 895 758 929 786; x_wconf 90' lang='lat' dir='ltr'><strong>et</strong></span> <span class='ocrx_word' id='word_1_78' title='bbox 955 753 1082 786; x_wconf 84' lang='lat' dir='ltr'><strong>Caesar</strong></span> <span class='ocrx_word' id='word_1_79' title='bbox 1104 752 1278 785; x_wconf 86' lang='lat' dir='ltr'><strong>Baronius</strong></span> <span class='ocrx_word' id='word_1_80' title='bbox 1304 757 1387 785; x_wconf 89' lang='lat' dir='ltr'><strong>tom.</strong></span> <span class='ocrx_word' id='word_1_81' title='bbox 1414 761 1466 785; x_wconf 80' lang='lat' dir='ltr'><strong>VI.</strong></span> <span class='ocrx_word' id='word_1_82' title='bbox 1494 751 1623 784; x_wconf 88' lang='lat' dir='ltr'><strong>Annal.</strong></span> 
     </span>
     <span class='ocr_line' id='line_1_10' title="bbox 264 808 1626 852; baseline -0.001 -11"><span class='ocrx_word' id='word_1_83' title='bbox 264 809 538 848; x_wconf 80' lang='lat' dir='ltr'><strong>confirmaverat,</strong></span> <span class='ocrx_word' id='word_1_84' title='bbox 566 810 600 842; x_wconf 91' lang='lat' dir='ltr'><strong>in</strong></span> <span class='ocrx_word' id='word_1_85' title='bbox 627 809 815 852; x_wconf 81' lang='lat' dir='ltr'>appendice</span> <span class='ocrx_word' id='word_1_86' title='bbox 838 814 955 841; x_wconf 87' lang='lat' dir='ltr'><strong>tamen</strong></span> <span class='ocrx_word' id='word_1_87' title='bbox 980 810 1024 841; x_wconf 87' lang='lat' dir='ltr'><strong>ad</strong></span> <span class='ocrx_word' id='word_1_88' title='bbox 1049 813 1133 841; x_wconf 88' lang='lat' dir='ltr'><strong>tom.</strong></span> <span class='ocrx_word' id='word_1_89' title='bbox 1154 817 1193 840; x_wconf 82' lang='lat' dir='ltr'><strong>x.</strong></span> <span class='ocrx_word' id='word_1_90' title='bbox 1220 809 1427 841; x_wconf 84' lang='lat' dir='ltr'><strong>sententiam</strong></span> <span class='ocrx_word' id='word_1_91' title='bbox 1453 808 1548 840; x_wconf 86' lang='lat' dir='ltr'><strong>illam</strong></span> <span class='ocrx_word' id='word_1_92' title='bbox 1574 818 1626 840; x_wconf 87' lang='lat' dir='ltr'><strong>re-</strong></span> 
     </span>
     <span class='ocr_line' id='line_1_11' title="bbox 263 863 1624 908; baseline -0.001 -11"><span class='ocrx_word' id='word_1_93' title='bbox 263 870 400 904; x_wconf 79' lang='lat' dir='ltr'>tractat,</span> <span class='ocrx_word' id='word_1_94' title='bbox 430 876 577 908; x_wconf 89' lang='lat' dir='ltr'><strong>eumque</strong></span> <span class='ocrx_word' id='word_1_95' title='bbox 605 866 696 898; x_wconf 80' lang='lat' dir='ltr'><strong>inter</strong></span> <span class='ocrx_word' id='word_1_96' title='bbox 725 870 860 898; x_wconf 87' lang='lat' dir='ltr'><strong>sanctos</strong></span> <span class='ocrx_word' id='word_1_97' title='bbox 891 865 1127 898; x_wconf 86' lang='lat' dir='ltr'><strong>collocandum</strong></span> <span class='ocrx_word' id='word_1_98' title='bbox 1158 869 1258 907; x_wconf 84' lang='lat' dir='ltr'><strong>putat</strong></span> <span class='ocrx_word' id='word_1_99' title='bbox 1285 869 1319 896; x_wconf 82' lang='lat' dir='ltr'><strong>et</strong></span> <span class='ocrx_word' id='word_1_100' title='bbox 1344 870 1469 896; x_wconf 77' lang='lat' dir='ltr'><strong>censet.</strong></span> <span class='ocrx_word' id='word_1_101' title='bbox 1534 863 1624 908; x_wconf 85' lang='lat' dir='ltr'><strong>Ejus</strong></span> 
     </span>
     <span class='ocr_line' id='line_1_12' title="bbox 264 926 367 954; baseline 0.01 -2"><span class='ocrx_word' id='word_1_102' title='bbox 264 926 367 954; x_wconf 80' lang='lat' dir='ltr'><strong>sunt:</strong></span> 
     </span>
    </p>

    <p class='ocr_par' dir='ltr' id='par_1_3' title="bbox 407 976 1626 1020">
     <span class='ocr_line' id='line_1_13' title="bbox 407 976 1626 1020; baseline -0.001 -10"><span class='ocrx_word' id='word_1_103' title='bbox 407 978 624 1016; x_wconf 87' lang='lat' dir='ltr'><strong>Admonitio,</strong></span> <span class='ocrx_word' id='word_1_104' title='bbox 659 983 742 1010; x_wconf 90' lang='lat' dir='ltr'><strong>tom.</strong></span> <span class='ocrx_word' id='word_1_105' title='bbox 778 985 814 1009; x_wconf 71' lang='lat' dir='ltr'><strong>V.</strong></span> <span class='ocrx_word' id='word_1_106' title='bbox 857 976 1096 1020; x_wconf 85' lang='lat' dir='ltr'><strong>Antiquarum</strong></span> <span class='ocrx_word' id='word_1_107' title='bbox 1132 978 1336 1011; x_wconf 83' lang='lat' dir='ltr'><strong>Lectionum</strong></span> <span class='ocrx_word' id='word_1_108' title='bbox 1382 976 1526 1009; x_wconf 86' lang='lat' dir='ltr'><strong>Henrici</strong></span> <span class='ocrx_word' id='word_1_109' title='bbox 1561 976 1626 1010; x_wconf 86' lang='lat' dir='ltr'><strong>Ca-</strong></span> 
     </span>
    </p>
   </div>
   <div class='ocr_carea' id='block_1_3' title="bbox 405 1033 1435 1234">
    <p class='ocr_par' dir='ltr' id='par_1_4' title="bbox 405 1033 1435 1234">
     <span class='ocr_line' id='line_1_14' title="bbox 458 1033 1091 1072; baseline -0.002 -6"><span class='ocrx_word' id='word_1_110' title='bbox 458 1034 550 1072; x_wconf 87' lang='lat' dir='ltr'><strong>nisii,</strong></span> <span class='ocrx_word' id='word_1_111' title='bbox 988 1033 1047 1065; x_wconf 83' lang='lat' dir='ltr'><strong>lib.</strong></span> <span class='ocrx_word' id='word_1_112' title='bbox 1068 1042 1091 1066; x_wconf 91' lang='lat'><strong>1.</strong></span> 
     </span>
     <span class='ocr_line' id='line_1_15' title="bbox 409 1089 1363 1132; baseline 0 -10"><span class='ocrx_word' id='word_1_113' title='bbox 409 1089 590 1132; x_wconf 87' lang='lat' dir='ltr'><strong>Epistolae</strong></span> <span class='ocrx_word' id='word_1_114' title='bbox 609 1090 652 1122; x_wconf 86' lang='lat' dir='ltr'><strong>ad</strong></span> <span class='ocrx_word' id='word_1_115' title='bbox 671 1089 856 1122; x_wconf 87' lang='lat' dir='ltr'><strong>Ruricium</strong></span> <span class='ocrx_word' id='word_1_116' title='bbox 986 1089 1045 1122; x_wconf 89' lang='lat' dir='ltr'><strong>lib.</strong></span> <span class='ocrx_word' id='word_1_117' title='bbox 1068 1098 1091 1122; x_wconf 90' lang='lat'><strong>1.</strong></span> <span class='ocrx_word' id='word_1_118' title='bbox 1135 1089 1268 1122; x_wconf 88' lang='lat' dir='ltr'>Ibidem</span> <span class='ocrx_word' id='word_1_119' title='bbox 1287 1090 1363 1122; x_wconf 88' lang='lat' dir='ltr'><strong>loci.</strong></span> 
     </span>
     <span class='ocr_line' id='line_1_16' title="bbox 406 1145 1435 1179; baseline 0 -2"><span class='ocrx_word' id='word_1_120' title='bbox 406 1145 489 1178; x_wconf 85' lang='lat' dir='ltr'><strong>Alia</strong></span> <span class='ocrx_word' id='word_1_121' title='bbox 507 1146 544 1178; x_wconf 89' lang='lat' dir='ltr'><strong>in</strong></span> <span class='ocrx_word' id='word_1_122' title='bbox 563 1146 781 1179; x_wconf 86' lang='lat' dir='ltr'><strong>Bibliotheca</strong></span> <span class='ocrx_word' id='word_1_123' title='bbox 799 1145 859 1178; x_wconf 84' lang='lat' dir='ltr'><strong>SS.</strong></span> <span class='ocrx_word' id='word_1_124' title='bbox 879 1145 1026 1178; x_wconf 82' lang='lat' dir='ltr'><strong>Patrum</strong></span> <span class='ocrx_word' id='word_1_125' title='bbox 1045 1150 1128 1179; x_wconf 86' lang='lat' dir='ltr'><strong>tom.</strong></span> <span class='ocrx_word' id='word_1_126' title='bbox 1150 1155 1208 1179; x_wconf 89' lang='lat'>111.</span> <span class='ocrx_word' id='word_1_127' title='bbox 1227 1150 1261 1178; x_wconf 90' lang='lat' dir='ltr'><strong>et</strong></span> <span class='ocrx_word' id='word_1_128' title='bbox 1279 1153 1363 1178; x_wconf 83' lang='lat' dir='ltr'><strong>torn.</strong></span> <span class='ocrx_word' id='word_1_129' title='bbox 1384 1154 1435 1177; x_wconf 80' lang='lat' dir='ltr'><strong>lv.</strong></span> 
     </span>
     <span class='ocr_line' id='line_1_17' title="bbox 405 1201 1090 1234; baseline 0.001 -1"><span class='ocrx_word' id='word_1_130' title='bbox 405 1201 526 1234; x_wconf 87' lang='lat' dir='ltr'><strong>Sermo</strong></span> <span class='ocrx_word' id='word_1_131' title='bbox 544 1202 587 1234; x_wconf 85' lang='lat' dir='ltr'><strong>ad</strong></span> <span class='ocrx_word' id='word_1_132' title='bbox 606 1201 799 1234; x_wconf 85' lang='lat' dir='ltr'><strong>Monachos</strong></span> <span class='ocrx_word' id='word_1_133' title='bbox 987 1201 1046 1234; x_wconf 91' lang='lat' dir='ltr'><strong>lib.</strong></span> <span class='ocrx_word' id='word_1_134' title='bbox 1067 1211 1090 1234; x_wconf 90' lang='lat'><strong>1.</strong></span> 
     </span>
    </p>
   </div>
   <div class='ocr_carea' id='block_1_4' title="bbox 260 1257 1626 1749">
    <p class='ocr_par' dir='ltr' id='par_1_5' title="bbox 404 1257 1108 1459">
     <span class='ocr_line' id='line_1_18' title="bbox 405 1257 1092 1291; baseline 0.003 -2"><span class='ocrx_word' id='word_1_135' title='bbox 405 1257 618 1290; x_wconf 80' lang='lat' dir='ltr'><strong>Exhortatio</strong></span> <span class='ocrx_word' id='word_1_136' title='bbox 636 1258 680 1289; x_wconf 85' lang='lat' dir='ltr'><strong>ad</strong></span> <span class='ocrx_word' id='word_1_137' title='bbox 698 1258 822 1290; x_wconf 85' lang='lat' dir='ltr'><strong>bonam</strong></span> <span class='ocrx_word' id='word_1_138' title='bbox 841 1257 962 1291; x_wconf 83' lang='lat' dir='ltr'><strong>Vitam</strong></span> <span class='ocrx_word' id='word_1_139' title='bbox 988 1258 1047 1290; x_wconf 85' lang='lat' dir='ltr'><strong>lib.</strong></span> <span class='ocrx_word' id='word_1_140' title='bbox 1068 1267 1092 1291; x_wconf 92' lang='lat'><strong>1.</strong></span> 
     </span>
     <span class='ocr_line' id='line_1_19' title="bbox 404 1313 1094 1347; baseline -0.001 -1"><span class='ocrx_word' id='word_1_141' title='bbox 404 1313 580 1347; x_wconf 82' lang='lat' dir='ltr'><strong>Professio</strong></span> <span class='ocrx_word' id='word_1_142' title='bbox 598 1313 698 1346; x_wconf 88' lang='lat' dir='ltr'><strong>Fidei</strong></span> <span class='ocrx_word' id='word_1_143' title='bbox 717 1313 760 1346; x_wconf 88' lang='lat' dir='ltr'><strong>ad</strong></span> <span class='ocrx_word' id='word_1_144' title='bbox 778 1313 966 1347; x_wconf 89' lang='lat' dir='ltr'><strong>Leontium</strong></span> <span class='ocrx_word' id='word_1_145' title='bbox 991 1314 1049 1346; x_wconf 91' lang='lat' dir='ltr'><strong>lib.</strong></span> <span class='ocrx_word' id='word_1_146' title='bbox 1070 1323 1094 1346; x_wconf 92' lang='lat'><strong>1.</strong></span> 
     </span>
     <span class='ocr_line' id='line_1_20' title="bbox 407 1369 1094 1403; baseline 0 -1"><span class='ocrx_word' id='word_1_147' title='bbox 407 1369 566 1402; x_wconf 85' lang='lat' dir='ltr'><strong>Homilia</strong></span> <span class='ocrx_word' id='word_1_148' title='bbox 583 1369 625 1402; x_wconf 90' lang='lat' dir='ltr'><strong>de</strong></span> <span class='ocrx_word' id='word_1_149' title='bbox 643 1369 802 1403; x_wconf 81' lang='lat' dir='ltr'><strong>Maximo</strong></span> <span class='ocrx_word' id='word_1_150' title='bbox 989 1370 1049 1402; x_wconf 90' lang='lat' dir='ltr'><strong>lib.</strong></span> <span class='ocrx_word' id='word_1_151' title='bbox 1070 1378 1094 1402; x_wconf 88' lang='grc' dir='ltr'><strong>Ι.</strong></span> 
     </span>
     <span class='ocr_line' id='line_1_21' title="bbox 405 1425 1108 1459; baseline 0.001 -1"><span class='ocrx_word' id='word_1_152' title='bbox 405 1426 459 1458; x_wconf 93' lang='lat' dir='ltr'><strong>De</strong></span> <span class='ocrx_word' id='word_1_153' title='bbox 476 1425 585 1458; x_wconf 90' lang='lat' dir='ltr'><strong>libero</strong></span> <span class='ocrx_word' id='word_1_154' title='bbox 603 1425 764 1459; x_wconf 84' lang='lat' dir='ltr'><strong>Arbitrio</strong></span> <span class='ocrx_word' id='word_1_155' title='bbox 984 1427 1044 1459; x_wconf 90' lang='lat' dir='ltr'><strong>lib.</strong></span> <span class='ocrx_word' id='word_1_156' title='bbox 1066 1435 1108 1459; x_wconf 89' lang='lat'><strong>11.</strong></span> 
     </span>
    </p>

    <p class='ocr_par' dir='ltr' id='par_1_6' title="bbox 260 1481 1626 1749">
     <span class='ocr_line' id='line_1_22' title="bbox 309 1481 1626 1528; baseline 0.002 -13"><span class='ocrx_word' id='word_1_157' title='bbox 309 1482 446 1516; x_wconf 85' lang='lat' dir='ltr'><strong>Floruit</strong></span> <span class='ocrx_word' id='word_1_158' title='bbox 465 1492 556 1514; x_wconf 89' lang='lat' dir='ltr'><strong>anno</strong></span> <span class='ocrx_word' id='word_1_159' title='bbox 583 1481 715 1526; x_wconf 69' lang='lat' dir='ltr'>[DXC]</span> <span class='ocrx_word' id='word_1_160' title='bbox 741 1482 913 1515; x_wconf 88' lang='lat' dir='ltr'><strong>incertum</strong></span> <span class='ocrx_word' id='word_1_161' title='bbox 939 1483 1079 1526; x_wconf 88' lang='lat' dir='ltr'><strong>quando</strong></span> <span class='ocrx_word' id='word_1_162' title='bbox 1105 1486 1305 1515; x_wconf 87' lang='lat' dir='ltr'><strong>sanctorum</strong></span> <span class='ocrx_word' id='word_1_163' title='bbox 1330 1493 1474 1517; x_wconf 88' lang='lat' dir='ltr'><strong>numero</strong></span> <span class='ocrx_word' id='word_1_164' title='bbox 1500 1485 1626 1528; x_wconf 86' lang='lat' dir='ltr'><strong>ascrip-</strong></span> 
     </span>
     <span class='ocr_line' id='line_1_23' title="bbox 261 1538 1623 1584; baseline 0.001 -12"><span class='ocrx_word' id='word_1_165' title='bbox 261 1545 340 1580; x_wconf 84' lang='lat' dir='ltr'><strong>tus3</strong></span> <span class='ocrx_word' id='word_1_166' title='bbox 369 1549 442 1572; x_wconf 88' lang='lat' dir='ltr'><strong>esse</strong></span> <span class='ocrx_word' id='word_1_167' title='bbox 459 1542 576 1570; x_wconf 88' lang='lat' dir='ltr'><strong>tamen</strong></span> <span class='ocrx_word' id='word_1_168' title='bbox 594 1538 632 1570; x_wconf 89' lang='lat' dir='ltr'><strong>in</strong></span> <span class='ocrx_word' id='word_1_169' title='bbox 649 1542 847 1570; x_wconf 83' lang='lat' dir='ltr'><strong>sanctorum</strong></span> <span class='ocrx_word' id='word_1_170' title='bbox 867 1538 985 1571; x_wconf 82' lang='lat' dir='ltr'><strong>album</strong></span> <span class='ocrx_word' id='word_1_171' title='bbox 1004 1540 1164 1577; x_wconf 85' lang='lat' dir='ltr'><strong>relatum,</strong></span> <span class='ocrx_word' id='word_1_172' title='bbox 1190 1543 1327 1581; x_wconf 76' lang='lat' dir='ltr'><strong>praeter</strong></span> <span class='ocrx_word' id='word_1_173' title='bbox 1345 1551 1383 1572; x_wconf 85' lang='lat' dir='ltr'><strong>ea</strong></span> <span class='ocrx_word' id='word_1_174' title='bbox 1402 1551 1489 1583; x_wconf 82' lang='lat' dir='ltr'><strong>quae</strong></span> <span class='ocrx_word' id='word_1_175' title='bbox 1507 1551 1623 1584; x_wconf 88' lang='lat' dir='ltr'><strong>supra,</strong></span> 
     </span>
     <span class='ocr_line' id='line_1_24' title="bbox 260 1593 1626 1639; baseline 0.002 -11"><span class='ocrx_word' id='word_1_176' title='bbox 260 1596 358 1628; x_wconf 84' lang='lat' dir='ltr'><strong>docet</strong></span> <span class='ocrx_word' id='word_1_177' title='bbox 376 1594 578 1627; x_wconf 86' lang='lat' dir='ltr'><strong>membrana</strong></span> <span class='ocrx_word' id='word_1_178' title='bbox 601 1594 841 1627; x_wconf 87' lang='lat' dir='ltr'><strong>vetustissima</strong></span> <span class='ocrx_word' id='word_1_179' title='bbox 858 1594 892 1626; x_wconf 88' lang='lat' dir='ltr'><strong>S.</strong></span> <span class='ocrx_word' id='word_1_180' title='bbox 913 1593 1016 1634; x_wconf 86' lang='lat' dir='ltr'><strong>Galli,</strong></span> <span class='ocrx_word' id='word_1_181' title='bbox 1042 1597 1078 1628; x_wconf 86' lang='lat' dir='ltr'><strong>in</strong></span> <span class='ocrx_word' id='word_1_182' title='bbox 1103 1607 1173 1639; x_wconf 88' lang='lat' dir='ltr'><strong>qua</strong></span> <span class='ocrx_word' id='word_1_183' title='bbox 1198 1595 1404 1629; x_wconf 89' lang='lat' dir='ltr'><strong>Admonitio</strong></span> <span class='ocrx_word' id='word_1_184' title='bbox 1430 1596 1464 1629; x_wconf 89' lang='lat' dir='ltr'><strong>S.</strong></span> <span class='ocrx_word' id='word_1_185' title='bbox 1493 1597 1626 1636; x_wconf 80' lang='lat' dir='ltr'><strong>Fausti,</strong></span> 
     </span>
     <span class='ocr_line' id='line_1_25' title="bbox 260 1649 1625 1686; baseline 0.002 -3"><span class='ocrx_word' id='word_1_186' title='bbox 260 1656 294 1683; x_wconf 87' lang='lat' dir='ltr'><strong>et</strong></span> <span class='ocrx_word' id='word_1_187' title='bbox 319 1651 444 1683; x_wconf 87' lang='lat' dir='ltr'><strong>colitur</strong></span> <span class='ocrx_word' id='word_1_188' title='bbox 470 1659 571 1683; x_wconf 80' lang='lat' dir='ltr'><strong>XVII.</strong></span> <span class='ocrx_word' id='word_1_189' title='bbox 597 1649 770 1683; x_wconf 82' lang='lat' dir='ltr'><strong>Januarii.</strong></span> <span class='ocrx_word' id='word_1_190' title='bbox 822 1649 912 1683; x_wconf 87' lang='lat' dir='ltr'><strong>Vide</strong></span> <span class='ocrx_word' id='word_1_191' title='bbox 932 1650 1075 1684; x_wconf 78' lang='lat' dir='ltr'><strong>Heni-ici</strong></span> <span class='ocrx_word' id='word_1_192' title='bbox 1100 1652 1232 1685; x_wconf 87' lang='lat' dir='ltr'><strong>Canisii</strong></span> <span class='ocrx_word' id='word_1_193' title='bbox 1258 1653 1372 1685; x_wconf 81' lang='lat' dir='ltr'><strong>varias</strong></span> <span class='ocrx_word' id='word_1_194' title='bbox 1400 1653 1563 1686; x_wconf 84' lang='lat' dir='ltr'><strong>lectiones</strong></span> <span class='ocrx_word' id='word_1_195' title='bbox 1589 1654 1625 1686; x_wconf 86' lang='lat' dir='ltr'><strong>iu</strong></span> 
     </span>
     <span class='ocr_line' id='line_1_26' title="bbox 262 1705 1021 1749; baseline 0.003 -11"><span class='ocrx_word' id='word_1_196' title='bbox 262 1706 438 1749; x_wconf 86' lang='lat' dir='ltr'><strong>Epistolas</strong></span> <span class='ocrx_word' id='word_1_197' title='bbox 457 1705 492 1739; x_wconf 80' lang='lat' dir='ltr'><strong>S.</strong></span> <span class='ocrx_word' id='word_1_198' title='bbox 512 1706 635 1740; x_wconf 85' lang='lat' dir='ltr'><strong>Fausti</strong></span> <span class='ocrx_word' id='word_1_199' title='bbox 654 1707 690 1738; x_wconf 85' lang='lat' dir='ltr'><strong>in</strong></span> <span class='ocrx_word' id='word_1_200' title='bbox 708 1706 850 1739; x_wconf 86' lang='lat' dir='ltr'><strong>laudato</strong></span> <span class='ocrx_word' id='word_1_201' title='bbox 869 1710 964 1740; x_wconf 88' lang='lat' dir='ltr'><strong>tomo</strong></span> <span class='ocrx_word' id='word_1_202' title='bbox 985 1716 1021 1740; x_wconf 74' lang='lat' dir='ltr'><strong>v·</strong></span> 
     </span>
    </p>
   </div>
   <div class='ocr_carea' id='block_1_5' title="bbox 767 1818 1110 1852">
    <p class='ocr_par' dir='ltr' id='par_1_7' title="bbox 767 1818 1110 1852">
     <span class='ocr_line' id='line_1_27' title="bbox 767 1818 1110 1852; baseline -0.003 0"><span class='ocrx_word' id='word_1_203' title='bbox 767 1818 802 1851; x_wconf 88' lang='lat' dir='ltr'><strong>S.</strong></span> <span class='ocrx_word' id='word_1_204' title='bbox 830 1818 976 1852; x_wconf 89' lang='lat' dir='ltr'>FARO.</span> <span class='ocrx_word' id='word_1_205' title='bbox 1030 1820 1110 1851; x_wconf 88' lang='lat'>505.</span> 
     </span>
    </p>
   </div>
   <div class='ocr_carea' id='block_1_6' title="bbox 260 1930 1624 2370">
    <p class='ocr_par' dir='ltr' id='par_1_8' title="bbox 260 1930 1624 2370">
     <span class='ocr_line' id='line_1_28' title="bbox 260 1930 1624 1974; baseline 0.004 -12"><span class='ocrx_word' id='word_1_206' title='bbox 260 1930 294 1962; x_wconf 85' lang='lat' dir='ltr'><strong>S.</strong></span> <span class='ocrx_word' id='word_1_207' title='bbox 328 1930 451 1969; x_wconf 76' lang='lat' dir='ltr'>FARO,</span> <span class='ocrx_word' id='word_1_208' title='bbox 480 1931 713 1964; x_wconf 86' lang='lat' dir='ltr'><strong>Meldensium</strong></span> <span class='ocrx_word' id='word_1_209' title='bbox 748 1931 784 1963; x_wconf 90' lang='lat' dir='ltr'><strong>in</strong></span> <span class='ocrx_word' id='word_1_210' title='bbox 819 1930 933 1964; x_wconf 87' lang='lat' dir='ltr'><strong>Gallia</strong></span> <span class='ocrx_word' id='word_1_211' title='bbox 963 1931 1153 1974; x_wconf 85' lang='lat' dir='ltr'><strong>episcopus,</strong></span> <span class='ocrx_word' id='word_1_212' title='bbox 1188 1933 1252 1964; x_wconf 87' lang='lat' dir='ltr'><strong>etsi</strong></span> <span class='ocrx_word' id='word_1_213' title='bbox 1284 1944 1352 1965; x_wconf 89' lang='lat' dir='ltr'><strong>non</strong></span> <span class='ocrx_word' id='word_1_214' title='bbox 1389 1933 1511 1966; x_wconf 84' lang='lat' dir='ltr'><strong>Scotus</strong></span> <span class='ocrx_word' id='word_1_215' title='bbox 1543 1939 1624 1968; x_wconf 86' lang='lat' dir='ltr'><strong>ortu</strong></span> 
     </span>
     <span class='ocr_line' id='line_1_29' title="bbox 262 1986 1620 2031; baseline 0.004 -13"><span class='ocrx_word' id='word_1_216' title='bbox 262 1986 440 2024; x_wconf 83' lang='lat' dir='ltr'><strong>habeatur,</strong></span> <span class='ocrx_word' id='word_1_217' title='bbox 475 1987 534 2018; x_wconf 88' lang='lat' dir='ltr'><strong>sed</strong></span> <span class='ocrx_word' id='word_1_218' title='bbox 568 1986 795 2031; x_wconf 84' lang='lat' dir='ltr'><strong>Burgundus,</strong></span> <span class='ocrx_word' id='word_1_219' title='bbox 830 1992 958 2025; x_wconf 87' lang='lat' dir='ltr'><strong>tamen,</strong></span> <span class='ocrx_word' id='word_1_220' title='bbox 993 1989 1075 2031; x_wconf 88' lang='lat' dir='ltr'><strong>quia</strong></span> <span class='ocrx_word' id='word_1_221' title='bbox 1117 1987 1329 2021; x_wconf 86' lang='lat' dir='ltr'><strong>Laurentius</strong></span> <span class='ocrx_word' id='word_1_222' title='bbox 1372 1989 1495 2022; x_wconf 84' lang='lat' dir='ltr'><strong>Surius</strong></span> <span class='ocrx_word' id='word_1_223' title='bbox 1538 1996 1620 2024; x_wconf 85' lang='lat' dir='ltr'><strong>tom.</strong></span> 
     </span>
     <span class='ocr_line' id='line_1_30' title="bbox 263 2042 1622 2088; baseline 0.006 -16"><span class='ocrx_word' id='word_1_224' title='bbox 263 2051 296 2074; x_wconf 78' lang='lat' dir='ltr'><strong>v.</strong></span> <span class='ocrx_word' id='word_1_225' title='bbox 328 2053 408 2086; x_wconf 85' lang='lat' dir='ltr'><strong>pag.</strong></span> <span class='ocrx_word' id='word_1_226' title='bbox 440 2050 626 2075; x_wconf 82' lang='lat' dir='ltr'><strong>CCCXLIV.</strong></span> <span class='ocrx_word' id='word_1_227' title='bbox 664 2042 698 2075; x_wconf 89' lang='lat' dir='ltr'><strong>S.</strong></span> <span class='ocrx_word' id='word_1_228' title='bbox 735 2042 933 2076; x_wconf 88' lang='lat' dir='ltr'><strong>Chillenum</strong></span> <span class='ocrx_word' id='word_1_229' title='bbox 968 2043 1108 2076; x_wconf 87' lang='lat' dir='ltr'><strong>Scotum</strong></span> <span class='ocrx_word' id='word_1_230' title='bbox 1143 2055 1164 2076; x_wconf 88' lang='lat' dir='ltr'><strong>a</strong></span> <span class='ocrx_word' id='word_1_231' title='bbox 1195 2045 1369 2088; x_wconf 83' lang='lat' dir='ltr'><strong>plerisque</strong></span> <span class='ocrx_word' id='word_1_232' title='bbox 1403 2045 1438 2078; x_wconf 88' lang='lat' dir='ltr'><strong>S.</strong></span> <span class='ocrx_word' id='word_1_233' title='bbox 1475 2046 1622 2081; x_wconf 76' lang='lat' dir='ltr'><strong>Fal-onis</strong></span> 
     </span>
     <span class='ocr_line' id='line_1_31' title="bbox 260 2097 1621 2143; baseline 0.005 -14"><span class='ocrx_word' id='word_1_234' title='bbox 260 2097 404 2130; x_wconf 79' lang='lat' dir='ltr'><strong>fratrem</strong></span> <span class='ocrx_word' id='word_1_235' title='bbox 423 2099 552 2131; x_wconf 87' lang='lat' dir='ltr'><strong>censeri</strong></span> <span class='ocrx_word' id='word_1_236' title='bbox 577 2099 741 2141; x_wconf 88' lang='lat' dir='ltr'><strong>prodidit,</strong></span> <span class='ocrx_word' id='word_1_237' title='bbox 768 2111 832 2143; x_wconf 85' lang='lat' dir='ltr'><strong>ego</strong></span> <span class='ocrx_word' id='word_1_238' title='bbox 850 2100 1034 2132; x_wconf 86' lang='lat' dir='ltr'><strong>admonere</strong></span> <span class='ocrx_word' id='word_1_239' title='bbox 1057 2100 1164 2139; x_wconf 89' lang='lat' dir='ltr'><strong>volui,</strong></span> <span class='ocrx_word' id='word_1_240' title='bbox 1189 2106 1239 2139; x_wconf 90' lang='lat' dir='ltr'><strong>ut,</strong></span> <span class='ocrx_word' id='word_1_241' title='bbox 1266 2103 1295 2134; x_wconf 87' lang='lat' dir='ltr'><strong>si</strong></span> <span class='ocrx_word' id='word_1_242' title='bbox 1322 2102 1447 2135; x_wconf 86' lang='lat' dir='ltr'><strong>fratres</strong></span> <span class='ocrx_word' id='word_1_243' title='bbox 1472 2103 1521 2136; x_wconf 91' lang='lat' dir='ltr'><strong>illi</strong></span> <span class='ocrx_word' id='word_1_244' title='bbox 1541 2105 1621 2142; x_wconf 85' lang='lat' dir='ltr'><strong>sint,</strong></span> 
     </span>
     <span class='ocr_line' id='line_1_32' title="bbox 262 2153 1621 2204; baseline 0.004 -19"><span class='ocrx_word' id='word_1_245' title='bbox 262 2155 315 2186; x_wconf 89' lang='lat' dir='ltr'><strong>vel</strong></span> <span class='ocrx_word' id='word_1_246' title='bbox 343 2153 433 2186; x_wconf 89' lang='lat' dir='ltr'><strong>Faro</strong></span> <span class='ocrx_word' id='word_1_247' title='bbox 457 2153 502 2186; x_wconf 87' lang='lat' dir='ltr'><strong>sit</strong></span> <span class='ocrx_word' id='word_1_248' title='bbox 526 2153 660 2192; x_wconf 78' lang='lat' dir='ltr'><strong>scotus,</strong></span> <span class='ocrx_word' id='word_1_249' title='bbox 687 2156 742 2186; x_wconf 80' lang='lat' dir='ltr'><strong>vel</strong></span> <span class='ocrx_word' id='word_1_250' title='bbox 768 2154 947 2188; x_wconf 84' lang='lat' dir='ltr'><strong>Chillenus</strong></span> <span class='ocrx_word' id='word_1_251' title='bbox 974 2155 1208 2201; x_wconf 86' lang='lat' dir='ltr'><strong>Burgundus:</strong></span> <span class='ocrx_word' id='word_1_252' title='bbox 1238 2157 1391 2191; x_wconf 85' lang='lat' dir='ltr'><strong>viderint</strong></span> <span class='ocrx_word' id='word_1_253' title='bbox 1409 2159 1478 2191; x_wconf 85' lang='lat' dir='ltr'><strong>alii.</strong></span> <span class='ocrx_word' id='word_1_254' title='bbox 1531 2159 1621 2204; x_wconf 77' lang='lat' dir='ltr'><strong>Ejus</strong></span> 
     </span>
     <span class='ocr_line' id='line_1_33' title="bbox 261 2214 344 2242; baseline 0 0"><span class='ocrx_word' id='word_1_255' title='bbox 261 2214 344 2242; x_wconf 91' lang='lat' dir='ltr'><strong>sunt</strong></span> 
     </span>
     <span class='ocr_line' id='line_1_34' title="bbox 405 2265 1350 2313; baseline 0.005 -16"><span class='ocrx_word' id='word_1_256' title='bbox 405 2265 585 2308; x_wconf 87' lang='lat' dir='ltr'><strong>Epistolae</strong></span> <span class='ocrx_word' id='word_1_257' title='bbox 603 2266 647 2298; x_wconf 88' lang='lat' dir='ltr'><strong>ad</strong></span> <span class='ocrx_word' id='word_1_258' title='bbox 665 2265 945 2300; x_wconf 82' lang='lat' dir='ltr'><strong>Theodebertum</strong></span> <span class='ocrx_word' id='word_1_259' title='bbox 964 2268 1098 2313; x_wconf 88' lang='lat' dir='ltr'><strong>Regem</strong></span> <span class='ocrx_word' id='word_1_260' title='bbox 1245 2271 1305 2304; x_wconf 86' lang='lat' dir='ltr'><strong>lib.</strong></span> <span class='ocrx_word' id='word_1_261' title='bbox 1326 2279 1350 2303; x_wconf 87' lang='grc' dir='ltr'><strong>Ι.</strong></span> 
     </span>
     <span class='ocr_line' id='line_1_35' title="bbox 309 2319 1621 2370; baseline 0.005 -17"><span class='ocrx_word' id='word_1_262' title='bbox 309 2319 503 2365; x_wconf 90' lang='lat' dir='ltr'><strong>Episcopus</strong></span> <span class='ocrx_word' id='word_1_263' title='bbox 515 2327 732 2355; x_wconf 84' lang='lat' dir='ltr'><strong>consecratus</strong></span> <span class='ocrx_word' id='word_1_264' title='bbox 747 2327 797 2355; x_wconf 89' lang='lat' dir='ltr'><strong>est</strong></span> <span class='ocrx_word' id='word_1_265' title='bbox 812 2334 903 2356; x_wconf 84' lang='lat' dir='ltr'><strong>anno</strong></span> <span class='ocrx_word' id='word_1_266' title='bbox 918 2333 1041 2357; x_wconf 75' lang='lat' dir='ltr'><strong>Dcxx.</strong></span> <span class='ocrx_word' id='word_1_267' title='bbox 1060 2325 1229 2370; x_wconf 86' lang='lat' dir='ltr'><strong>Sigebert.</strong></span> <span class='ocrx_word' id='word_1_268' title='bbox 1244 2327 1374 2360; x_wconf 77' lang='lat' dir='ltr'><strong>Chi-on.</strong></span> <span class='ocrx_word' id='word_1_269' title='bbox 1389 2338 1428 2360; x_wconf 88' lang='lat' dir='ltr'><strong>eo</strong></span> <span class='ocrx_word' id='word_1_270' title='bbox 1442 2338 1543 2362; x_wconf 87' lang='lat' dir='ltr'><strong>anno.</strong></span> <span class='ocrx_word' id='word_1_271' title='bbox 1560 2328 1621 2360; x_wconf 87' lang='lat' dir='ltr'><strong>Pe-</strong></span> 
     </span>
    </p>
   </div>
  </div>
 </body>
</html>
