1861 2682
262 251 320 280 166
634 250 857 282 HISTORIA
882 250 1245 281 ECCLESIASTICA

260 345 302 375 do
321 354 389 376 non
407 344 443 375 in
462 342 587 380 Scotia,
606 343 665 374 sed
683 353 725 374 ne
743 341 842 374 ullibi
859 341 999 383 quidem
1017 345 1200 379 terrarum,
1218 342 1285 373 nisi
1303 341 1393 373 forte
1410 341 1456 373 sit
1475 341 1615 385 Longo-

259 400 385 437 vicum,
405 399 504 442 cujus
523 397 681 430 meminit
705 406 899 439 anonymus
923 400 1040 428 noster
1058 395 1180 428 Scotus
1206 397 1242 428 in
1269 395 1406 428 Notitia
1431 397 1615 438 utriusque

259 454 412 497 Imperii,
440 459 474 486 et
500 453 666 496 oppidum
693 458 744 485 est
770 452 873 484 hodie
899 451 1013 484 nobile
1038 451 1075 483 in
1101 451 1301 494 episcopatu
1326 450 1553 484 Dunelmensi
1580 452 1616 483 in

258 510 405 542 confinio
423 509 566 547 Scotiae,
586 509 691 553 vulgo
710 508 942 552 Langcaster3
969 507 1082 539 nescio
1099 506 1217 549 itaque
1235 518 1279 539 an
1296 506 1352 539 hic
1369 508 1463 540 locus
1481 508 1539 540 ille
1558 508 1613 545 sit,

258 571 291 598 et
320 562 594 608 Longovicensis
615 565 800 609 legendum
823 564 891 596 sit:
917 567 1008 595 certe
1031 562 1066 594 S.
1090 561 1319 596 Adamannus
1343 562 1466 596 Scotus
1489 563 1548 596 lib.
1575 572 1615 595 11.

257 622 298 654 (le
325 621 409 653 Vita
435 620 552 654 Sancti
581 620 769 653 Columbae
795 629 874 651 eum
899 618 1055 650 nominat
1082 622 1248 661 tanquam
1272 619 1388 651 virum
1414 619 1613 662 episcopatu

257 677 414 721 dignum,
433 681 467 709 et
484 676 682 718 primitivae
701 675 793 717 apud
811 673 963 706 Saxones
986 673 1145 706 ecclesiae
1162 675 1377 716 praesulem3
1404 680 1615 717 quapropter

256 743 408 776 auguror
432 732 524 764 hunc
549 724 707 763 nostrum
736 741 845 763 unum
871 741 914 762 ex
944 729 1196 762 successoribus
1222 729 1340 762 Sancti
1366 729 1496 762 Aidani
1523 730 1614 763 Scoti

256 788 362 821 fuisse
380 789 416 820 in
433 787 573 830 Anglici
592 787 711 829 populi
729 786 960 824 institutione,
981 785 1040 818 sed
1058 785 1256 829 conjectura
1273 789 1411 818 tantum
1429 790 1490 818 est.

303 843 439 875 Floruit
458 843 548 875 circa
565 853 697 874 annum
716 850 835 874 DCLX.
878 841 961 873 Dies
985 841 1060 885 ejus
1084 842 1198 874 cultus
1222 841 1386 879 incertus,
1405 845 1439 873 et
1457 841 1519 874 soli
1539 841 1614 873 Deo

254 905 368 932 notus.

677 992 711 1025 S.
739 991 1049 1026 CONLEATUS.
1101 994 1183 1025 283.

252 1069 287 1100 S.
307 1068 562 1104 CONLEATUS,
581 1066 761 1108 episcopus
779 1064 901 1098 Scotus
920 1076 962 1097 ex
982 1065 1193 1098 Keldeorum
1211 1076 1346 1109 genere,
1363 1065 1432 1104 sed,
1449 1070 1488 1100 ut
1506 1077 1545 1099 eo
1563 1077 1612 1098 se-

252 1125 328 1157 culo
354 1127 566 1160 consuetum,
593 1122 680 1154 nulli
706 1125 819 1153 certae
837 1121 909 1154 sedi
928 1122 1083 1165 illigatus
1097 1121 1112 1154 ι’
1131 1121 1337 1154 familiarem
1362 1132 1441 1154 eum
1466 1121 1611 1155 Sanctae

252 1179 417 1224 Brigidae
443 1178 571 1222 virgini
594 1177 677 1210 facit
703 1177 740 1209 in
763 1177 856 1209 illius
878 1176 963 1210 Vita
987 1177 1172 1222 Cogitosus
1197 1176 1335 1220 Nepos3
1362 1177 1404 1209 de
1429 1188 1498 1220 quo
1524 1178 1611 1210 nihil

255 1236 348 1268 ultra
365 1234 554 1279 cognitum.
607 1233 743 1266 claruit
761 1233 851 1266 circa
868 1244 999 1266 annum
1018 1241 1116 1265 Dxx.

664 1344 698 1377 S.
725 1343 1057 1378 CONSTANTIA.
1109 1346 1189 1377 284.

252 1461 285 1491 S.
304 1459 566 1491 CONSTANTIA
585 1467 627 1490 ex
655 1455 770 1489 Scotia
793 1456 827 1489 S.
854 1456 1018 1489 Ursulam
1045 1461 1172 1495 secuta,
1199 1466 1277 1488 cum
1303 1467 1342 1488 ea
1370 1456 1608 1499 virginitatem

252 1514 326 1547 Deo
344 1515 452 1553 vovit,
470 1513 598 1547 terreni
616 1512 732 1555 sponsi
751 1513 930 1555 amplexus
954 1512 1057 1556 fugit,
1081 1512 1230 1544 Romam
1252 1511 1416 1554 profecta,
1440 1511 1520 1544 inde
1542 1511 1608 1544 Co-

252 1570 379 1603 loniam
406 1570 554 1603 secundo
581 1569 704 1601 Rheno
727 1569 850 1606 delata,
877 1579 947 1601 una
972 1578 1050 1600 cum
1077 1568 1152 1600 aliis
1179 1567 1386 1611 virginibus,
1413 1578 1541 1611 magna
1566 1578 1608 1600 ex

252 1631 350 1669 parte
367 1626 490 1664 Scotis,
516 1625 559 1658 ab
578 1624 720 1656 Hunnis
737 1624 814 1657 dira
831 1624 987 1657 barbarie
1005 1623 1145 1656 Christo
1163 1624 1352 1656 immolata.
1376 1623 1606 1666 Martyrolog.

253 1681 368 1714 Canis.

302 1737 405 1769 Passa
425 1742 485 1775 est,
504 1741 537 1769 et
556 1737 681 1769 colitur
698 1736 813 1768 eodem
834 1746 924 1768 anno
942 1742 1075 1767 CDLIV.
1094 1739 1128 1766 et
1146 1735 1201 1766 die
1221 1742 1305 1766 XXI.
1326 1733 1467 1766 Octobr.

693 1847 726 1880 S.
754 1846 1025 1879 CHUVILDA.
1079 1847 1158 1877 285.

251 1964 285 1995 S.
317 1962 545 1998 CHUVILDA‚
577 1964 711 2002 martyr
741 1964 775 1991 et
805 1959 904 2002 virgo
930 1957 1040 1995 Scota,
1067 1967 1182 1989 amore
1211 1956 1277 1988 Dei
1307 1955 1499 2000 peregrina,
1525 1962 1602 1999 post

251 2017 380 2050 Gallias
417 2015 688 2057 Germaniasque
725 2015 889 2046 lustratas
923 2013 1076 2044 maxima
1115 2012 1343 2044 sanctimonia
1376 2012 1468 2054 apud
1498 2011 1604 2045 Boios

251 2072 418 2110 substitit,
434 2081 504 2103 una
522 2081 564 2103 ex
583 2070 701 2102 Sancti
718 2069 935 2102 Willibrordi
953 2067 1045 2100 Scoti
1064 2068 1252 2110 discipulis.
1289 2067 1422 2100 Ferunt
1440 2078 1515 2100 eam
1533 2078 1605 2100 mo-

249 2128 401 2161 nasterio
418 2125 638 2168 praefectam,
657 2129 691 2158 et
708 2124 834 2157 Sancto
852 2123 1031 2156 Bonifacio
1049 2122 1150 2155 Scoto
1168 2122 1432 2155 Germaniarum
1447 2124 1603 2165 apostolo

250 2183 476 2220 familiarem3
504 2186 641 2223 tempus
667 2184 757 2213 certe
782 2180 816 2212 id
839 2180 982 2222 patitur,
1009 2183 1042 2211 et
1070 2179 1243 2223 hagiologi
1268 2178 1432 2211 Germani
1455 2179 1491 2210 id
1514 2189 1603 2210 asse-

250 2244 342 2276 runt,
373 2249 415 2270 ex
444 2237 570 2280 quibus
600 2236 776 2280 VVolfang.
804 2234 932 2268 Lazius
959 2234 1017 2267 lib.
1049 2243 1118 2266 VII.
1152 2234 1354 2278 Migration.
1387 2233 1490 2266 Gent.
1522 2244 1600 2277 pag.

251 2302 445 2328 ccxxxlx.
498 2291 642 2334 Scripsit
