1861 2682
262 279 275 306 1
282 277 323 307 6⁶2
633 273 858 305 HISTORIA
882 270 1246 303 ECCLESIASTICA

267 374 307 401 ut
327 369 362 401 S.
381 367 552 400 Alcuinus
570 365 684 408 Epist.
703 364 745 396 ad
764 363 926 396 Flavium
944 361 1127 394 Demetam
1144 361 1275 399 scribit,
1295 360 1350 393 cui
1371 360 1475 392 etiam
1494 361 1529 393 in
1543 362 1623 395 Sco-

268 425 316 458 tia
334 424 450 469 agenti
468 422 635 466 quosdam
654 418 917 452 commentarios
936 427 1015 449 suos
1034 416 1067 448 S.
1086 415 1261 448 Alcuinus
1279 416 1423 448 dedicat.
1480 415 1625 459 Scripsit

413 478 590 522 Epistolas
608 477 651 509 ad
669 475 859 508 Alcuinum
877 473 1087 517 magistrum
1222 470 1282 503 lib.
1302 480 1326 504 1.
1345 470 1493 514 Reliqua
1512 483 1626 515 opera,

460 533 570 566 Danis
596 533 746 565 insulam
774 531 869 562 illam
893 528 1063 561 Scoticam
1087 527 1360 566 devastantibus,
1388 532 1429 560 et>
1445 527 1627 561 bibliothe-

462 599 536 622 cam
555 586 828 624 incendentibus,
846 584 1034 628 perierunt.

320 646 454 679 Claruit
473 655 564 678 anno
582 651 724 676 Decxc.
775 641 911 673 Colitur
929 647 1011 671 XVI.
1030 637 1053 670 J
1055 649 1174 671 anuar.

647 753 670 786 J
673 751 875 785 OANNES
901 750 1118 784 CURRAR.
1171 753 1250 786 274.

275 869 297 901 J
301 875 460 901 OANNES
475 867 616 903 Currar,
630 866 703 899 sive
719 864 913 903 Currerius‚
931 864 1032 896 domo
1050 862 1255 901 Banfiensis,
1274 862 1332 895 sed
1346 862 1475 907 insigni
1488 865 1630 897 militari

276 924 481 957 fortitudine
499 923 572 968 regi
590 921 780 954 Wilhelmo
802 931 913 953 carus.
944 919 1033 952 Cum
1052 919 1235 962 recepisset
1252 917 1543 952 Northumbriam
1561 931 1631 958 reX,

278 979 441 1012 Currerio
459 980 541 1012 data
557 977 755 1021 provinciae
773 976 1046 1014 administratio3
1076 976 1194 1018 itaque
1211 975 1268 1007 ille
1287 975 1382 1019 regio
1400 976 1539 1008 nomine
1555 987 1634 1018 pro-

279 1036 428 1068 vinciam
446 1034 620 1072 lustravit,
643 1044 682 1066 ac
704 1033 908 1065 circumiens
931 1032 967 1064 in
985 1031 1248 1064 commentarios
1267 1030 1388 1064 retulit
1406 1031 1496 1063 vires
1514 1032 1634 1064 civita-

280 1097 366 1131 tum,
386 1096 490 1134 atque
512 1091 720 1134 populorum
747 1089 807 1132 qui
831 1088 919 1120 bello
942 1088 1109 1120 inservire
1132 1091 1273 1130 possent
1298 1087 1570 1125 multitudinem,
1594 1093 1634 1120 ut

281 1147 408 1181 faceret
441 1147 614 1191 quoddam
651 1145 759 1178 veluti
793 1144 1022 1177 summarium
1058 1148 1119 1176 aut
1153 1143 1364 1176 breviarium
1397 1143 1558 1187 regionis,
1594 1148 1633 1175 ut

282 1208 380 1236 vocat
398 1203 584 1236 Suetonius
603 1203 640 1234 in
657 1201 832 1246 Augusto.
885 1200 1045 1233 Titulum
1062 1199 1157 1242 operi
1175 1198 1267 1237 fecit,

424 1259 476 1291 De
518 1258 739 1302 septuaginta
780 1262 815 1289 et
856 1261 931 1290 octo
972 1255 1117 1288 munitis
1163 1254 1321 1287 castellis
1364 1254 1635 1288 Northumbriae

473 1314 668 1348 Comitatus
1196 1310 1254 1343 lib,
1275 1319 1300 1342 1.

427 1371 479 1403 De
497 1368 757 1402 Possessoribus
775 1378 892 1400 eorum
911 1367 1074 1400 continua
1092 1366 1177 1399 serie
1195 1366 1253 1398 lib.
1274 1374 1298 1398 1.

425 1426 478 1458 De
497 1424 617 1457 Officio
635 1424 806 1456 Limitum
824 1422 992 1455 Praefecti
1197 1422 1254 1454 lib.
1276 1431 1299 1453 I.

425 1481 605 1523 Epistolae
623 1480 666 1512 ad
684 1478 913 1511 Wilhelmum
931 1478 1061 1522 Regem
1196 1477 1253 1509 lib.
1275 1486 1299 1509 Ι.

333 1536 471 1570 Floruit
487 1536 577 1568 circa
594 1545 722 1567 annum
743 1543 923 1567 MCCLXX.

693 1630 725 1662 S.
753 1628 1102 1662 COLUMBANUS.
1154 1631 1234 1665 275.

287 1705 320 1737 S.
340 1704 629 1741 COLUMBANU&
647 1707 681 1735 et
698 1702 764 1735 iste
781 1702 824 1734 ab
842 1701 918 1734 aliis
937 1701 1093 1734 diversus
1112 1705 1235 1740 aetate,
1260 1705 1295 1733 et
1319 1701 1411 1733 vitae
1429 1700 1636 1739 conditione,

288 1771 369 1793 nam
386 1764 464 1803 post
483 1760 559 1792 illos
578 1759 696 1791 multis
715 1758 813 1790 annis
832 1757 931 1795 vixit,
950 1760 984 1789 et
1001 1767 1079 1789 cum
1098 1758 1147 1789 illi
1166 1756 1375 1789 monasticae
1397 1767 1433 1788 se
1459 1756 1551 1788 vitae
1569 1761 1639 1789 tra-

289 1816 467 1853 didissent,
485 1815 541 1846 hic
564 1814 742 1856 episcopus
765 1823 843 1845 cum
867 1811 1073 1850 Thomiano,
1098 1812 1305 1850 Chromano,
1329 1811 1490 1850 Dimano,
1514 1817 1547 1844 et
1572 1812 1640 1844 Ba-

289 1872 395 1904 thano
414 1871 632 1913 coepiscopis,
651 1869 820 1902 Scoticam
837 1868 1012 1901 ecclesiam
1035 1868 1186 1912 regebat,
1212 1878 1290 1899 cum
1312 1872 1388 1900 orta
1411 1872 1463 1900 est
1485 1868 1543 1900 illa
1566 1879 1640 1910 per-

291 1928 420 1960 niciosa
449 1927 490 1959 de
521 1926 722 1958 celebrando
752 1924 920 1956 Paschate
948 1924 1038 1956 inter
1060 1923 1178 1956 Scotos
1204 1927 1237 1955 et
1261 1922 1450 1956 Britannos
1474 1924 1640 1966 quaestio,

290 1988 331 2015 ut
348 1982 495 2015 habetur
513 1982 549 2014 in
573 1981 730 2013 Decretis
750 1978 898 2012 Honorii
920 1978 947 2010 I.
966 1989 1037 2021 cap.
1059 1987 1143 2011 XIX.
1168 1983 1250 2011 tom.
1276 1987 1333 2011 111.
1361 1978 1542 2011 Concilior.
1562 1990 1640 2021 pag.

296 2047 411 2070 LXIII.
462 2037 608 2079 Scripsit

436 2092 612 2135 Epistolas
630 2091 674 2124 ad
696 2089 872 2122 Hilarium
894 2087 1256 2132 Archip1·esbyterum‚
1282 2089 1305 2122 J
1307 2100 1452 2122 oannem
1479 2089 1642 2122 Primice-

485 2149 586 2186 rium,
609 2147 632 2179 J
636 2157 781 2180 oannem
803 2144 1007 2182 Diaconum,
1030 2144 1199 2177 Joannem
1222 2156 1360 2178 servum
1379 2145 1455 2183 Dei,
1480 2145 1514 2177 S.
1535 2145 1578 2177 R.
1599 2144 1642 2177 Ε.

484 2205 597 2236 locum
616 2206 804 2239 servantes,
822 2204 856 2233 et
873 2200 968 2238 aiios,
982 2205 1021 2233 ut
1039 2200 1206 2234 Boethius
1221 2206 1390 2234 memorat
1403 2201 1461 2234 lib.
1479 2210 1531 2233 Ix.
1550 2201 1642 2232 Hist.

488 2259 579 2292 Scot.
598 2269 676 2302 pag.
696 2265 862 2290 CLXXVI.

438 2316 491 2348 De
510 2314 678 2348 Paschate
696 2312 896 2346 celebrando
1208 2311 1265 2344 lib.
1288 2321 1309 2342 I.
