1861 2682
219 261 260 292 36
589 261 814 294 HISTORIA
837 260 1199 293 ECCLESIASTICA

572 408 827 442 HENRICUS
852 406 1114 441 AVIELLUS.
1166 409 1223 440 51.

226 522 436 555 HEchus
452 520 622 559 Avienus,
644 524 742 564 patre
759 519 877 564 Anglo
901 518 1038 562 captivo
1055 518 1092 551 in
1110 517 1225 550 Scotia
1248 517 1398 562 genitus,
1424 519 1479 552 vir
1496 520 1573 553 doc-

224 578 389 617 tissimus,
408 587 486 609 cum
504 577 652 620 patriam
669 586 768 609 suam
785 575 920 608 abunde
937 574 1201 613 cohonestasset,
1226 573 1268 606 ad
1292 578 1426 608 exteras
1451 581 1572 619 gentes

222 633 407 676 profectus,
426 631 549 671 Gallia,
567 632 700 675 Belgio,
718 630 972 673 Germaniaque
990 639 1131 672 operose
1147 630 1305 668 lustrata,
1324 630 1363 662 in
1379 629 1481 663 Italia
1494 631 1574 663 sub-

223 689 324 728 stitit,
352 688 596 730 Bononiaeque
621 687 810 720 clarissimo
834 686 1014 718 literarum
1041 685 1194 727 emporio
1217 685 1421 718 medicinam
1438 686 1573 728 publice

223 743 408 786 professus.
458 742 623 775 Nicolaus
641 741 847 774 Paschasius
864 740 1044 773 Alidosius
1069 741 1107 773 in
1131 740 1328 785 Peregrinis
1351 740 1571 774 Doctoribus.

223 799 368 842 Scripsit
384 808 512 842 magna
528 808 570 829 ex
587 802 684 839 parte
702 797 856 829 extantia
870 805 878 828 ε

366 853 502 887 Veteris
521 857 555 886 et
571 852 692 885 Novae
710 852 902 885 Medicinae
920 850 1105 895 Speculum
1180 852 1240 885 lib.
1260 861 1286 885 1.

367 909 421 942 De
439 909 607 942 Botanica
1183 907 1242 940 lib.
1263 915 1286 940 1.

366 964 536 1007 Stirpium
554 963 729 996 variarum
748 963 943 996 Historiam
1184 963 1243 996 lib.
1263 971 1287 996 1.

274 1021 427 1054 Docebat
444 1031 534 1053 anno
554 1027 766 1052 MCCLXXX.
811 1018 853 1051 Se
867 1018 1009 1051 Scotum
1023 1022 1124 1052 vocat
1141 1018 1177 1051 in
1196 1017 1408 1062 praefatione
1426 1017 1574 1062 Speculi,

223 1077 315 1121 quod
331 1076 487 1110 Venetiis
506 1075 645 1119 prodiit.

728 1185 959 1219 ACHAIUS.
1012 1188 1068 1218 52.

222 1298 416 1337 ACHAIUS,
442 1309 503 1331 rex
528 1298 671 1336 Scotiae,
698 1296 833 1330 Ethfini
859 1296 949 1330 filius
975 1297 1053 1340 pius
1076 1301 1110 1330 et
1131 1297 1294 1340 prudens,
1325 1296 1574 1330 Hibernienses

224 1355 476 1388 tumultuantes
510 1353 729 1395 compescuit,
764 1356 969 1395 perpetuum
1004 1352 1124 1385 foedus
1158 1362 1235 1385 cum
1273 1352 1397 1385 Carolo
1430 1353 1572 1397 Magno,

223 1415 399 1443 aeternum
434 1420 512 1442 cum
546 1407 796 1441 successoribus
831 1408 906 1451 ejus
940 1407 1071 1440 Galliae
1113 1408 1252 1452 regibus
1286 1408 1428 1452 pepigit,
1463 1407 1575 1441 Guili-

225 1467 352 1498 elmum
397 1474 601 1509 germanum
643 1474 745 1496 suum
790 1474 867 1496 cum
915 1471 967 1496 VI.
1010 1463 1163 1496 millibus
1205 1468 1417 1496 armatorum
1456 1468 1576 1497 contra

225 1520 410 1553 Saracenos
439 1520 672 1552 militaturum
703 1519 812 1551 eidem
843 1519 1014 1552 submisit.
1048 1518 1203 1552 Annales
1238 1518 1364 1551 Franci
1400 1523 1434 1552 et
1469 1519 1573 1553 Scoti.

225 1576 369 1619 Scripsit

369 1632 545 1676 Epistolas
564 1632 607 1664 ad
625 1630 787 1663 Carolum
806 1630 975 1674 Magnum
1085 1631 1144 1663 lib.
1164 1639 1188 1663 1.
1220 1630 1384 1663 Meminit
1401 1629 1574 1674 Eginhar-

415 1692 483 1726 tus,
502 1692 561 1720 aut
580 1687 787 1724 Kineardus,
805 1691 940 1719 nostras
958 1687 995 1719 in
1011 1686 1110 1719 Actis
1129 1686 1243 1719 Caroli
1262 1685 1396 1730 Magni.

368 1743 460 1776 Acta
476 1743 614 1787 Regum
632 1743 847 1775 decessorum
865 1752 1007 1775 suorum
1089 1742 1147 1774 lib.
1167 1750 1191 1774 Ι.

370 1798 480 1842 Leges
499 1798 727 1840 Municipales
1087 1798 1148 1830 lib.
1168 1805 1192 1829 Ι.

271 1854 369 1888 Obiit
387 1861 519 1886 XXXII.
539 1864 629 1886 anno
647 1853 745 1897 regni
762 1853 827 1891 sui,
847 1852 1004 1885 Paschali
1023 1852 1154 1885 Romae
1172 1851 1321 1891 sedente,
1340 1850 1496 1896 Egberto
1509 1854 1574 1886 toti

226 1909 375 1954 Angliae
399 1909 602 1952 imperante,
628 1919 716 1951 quae
741 1908 839 1951 prius
865 1907 902 1940 in
927 1908 1104 1951 dynastias
1130 1911 1222 1941 secta
1243 1912 1327 1947 erat,
1346 1918 1436 1941 anno
1454 1909 1576 1942 salutis

226 1965 396 1999 humanae
414 1972 574 1997 Decelx.

764 2072 931 2107 ACCAS.
982 2076 1040 2107 53.

225 2188 368 2226 AccAs,
402 2192 463 2220 aut
500 2185 620 2224 Aetas,
658 2189 718 2218 aut
755 2184 858 2223 Acca,
896 2189 936 2218 ut
974 2185 1077 2218 habet
1113 2185 1336 2219 Hermannus
1370 2186 1575 2220 Contractus

228 2243 355 2276 Chron.
383 2243 425 2275 ad
451 2253 580 2275 annum
607 2249 723 2274 Dccx.
755 2241 810 2273 vir
834 2251 979 2285 magnae
1008 2241 1158 2283 pietatis,
1186 2252 1249 2275 nec
1278 2242 1420 2275 minoris
1450 2243 1575 2275 doctri-

226 2310 301 2338 nae,
335 2298 446 2332 Bosae
479 2297 726 2341 archiepiscopi
759 2295 988 2330 Eboracensis
1022 2297 1221 2340 discipulus,
1263 2297 1307 2331 ab
1347 2298 1464 2331 eodem
1506 2298 1576 2340 epi-
