1861 2682
564 271 736 303 GENTIS
760 269 1033 306 SCOTORUM,
1058 269 1146 301 LIB.
1172 269 1248 300 VII.
1533 270 1591 298 1321

378 364 431 397 De
447 363 560 397 Asino
579 364 724 397 Balaam
1101 362 1159 396 lib.
1180 371 1204 394 1.

281 420 398 453 Rediit
418 420 582 458 Parisios,
600 424 641 453 ut
659 425 831 453 asserunt.

695 529 992 565 GREGORIUS.
1044 532 1125 567 597.

231 644 478 683 GREGORIUS,
503 644 751 678 coenobiarcha
771 652 823 677 IV.
847 642 1029 676 Scotorum
1050 642 1111 685 qui
1135 646 1218 675 sunt
1242 641 1286 674 ad
1309 640 1352 674 D.
1377 641 1498 675 Jacobi
1523 652 1593 674 ma-

226 701 314 744 joris
333 701 369 734 in
387 700 553 734 suburbio
573 700 830 744 Herbipolensi,
849 698 999 741 scripsit,
1017 702 1058 731 ut
1076 698 1192 736 audio,

380 756 556 800 Excerpta
573 768 616 791 ex
633 757 761 790 sanctis
779 756 944 790 Patribus
1090 754 1150 787 lib.
1170 763 1195 787 1.

280 812 439 847 Praefuit
457 814 557 847 annis
575 822 614 846 x.
633 813 688 846 vir
705 813 784 856 pius
802 817 837 846 et
850 812 983 845 doctus.
1022 811 1121 845 Obiit
1145 821 1238 845 anno
1254 818 1408 845 Mccvn.
1446 808 1593 842 Chroni-

232 881 295 905 con
313 870 396 903 dicti
415 870 628 909 monasterii,
646 869 780 903 editum
797 880 818 902 a
835 868 1044 902 Trithemio.

707 980 988 1015 GERARDUS.
1040 982 1122 1018 598.

231 1095 464 1135 GERARDUS,
482 1099 516 1128 et
533 1095 607 1139 ipse
624 1094 827 1128 monasterii
844 1094 938 1127 illius
959 1093 1143 1127 Scotorum
1168 1091 1273 1126 abbas
1299 1100 1354 1125 lx.
1380 1091 1529 1135 scripsit,
1554 1096 1593 1124 ut

231 1152 357 1195 accepi,

376 1207 622 1241 Collectionem
640 1207 824 1240 Canonum
1100 1204 1159 1238 lib.
1181 1214 1206 1238 Ι.

278 1262 377 1297 Obiit
394 1274 485 1296 anno
504 1271 690 1296 MCCXLII.
710 1263 800 1297 sedit
817 1262 918 1296 annis
937 1270 1006 1295 v11.
1059 1261 1257 1295 Chronicon
1276 1260 1360 1295 dicti
1378 1261 1591 1294 monasterii.

616 1373 797 1408 GlLDAS
822 1373 1070 1407 ALDANUS.
1122 1375 1205 1410 599.

232 1487 386 1520 GILDAS
400 1486 572 1526 Aldanus,
585 1486 764 1520 Candidae
781 1486 890 1520 Casae
908 1486 1089 1530 episcopus
1107 1486 1339 1530 inauguratus
1353 1496 1374 1518 a
1387 1484 1593 1525 Thurstino,

231 1542 444 1576 Eboracensi
463 1542 731 1585 archiepiscopo.
782 1542 948 1576 Meminit
970 1542 1167 1586 Polydorus
1191 1540 1377 1587 Virgilius,
1402 1542 1597 1575 mendacio-

231 1609 306 1632 rum
327 1598 602 1643 loquacissimus,
622 1598 681 1631 lib.
701 1606 757 1631 XI.
777 1597 912 1631 Histor.
931 1597 1158 1643 Anglicanae‚
1210 1597 1356 1642 Scripsit

377 1655 431 1689 De
450 1654 624 1688 Ecclesiae
642 1653 797 1687 Scoticae
815 1653 1015 1699 Privilegiis
1137 1654 1197 1687 lib.
1218 1663 1243 1687 Ι.
1294 1654 1349 1688 Eo
1367 1665 1469 1698 opere
1487 1655 1597 1697 impo-

423 1716 554 1745 tentem
581 1711 782 1754 praesulum
809 1709 1006 1755 Anglorum
1033 1710 1253 1743 insolentiam
1280 1715 1502 1754 represserat,
1526 1721 1595 1744 non

427 1766 693 1800 confirmaverat
711 1766 967 1805 auctoritatem,
985 1773 1026 1799 ut
1043 1766 1101 1799 ille
1118 1767 1206 1810 vult.

281 1823 418 1857 Floruit
437 1834 529 1856 anno
549 1831 647 1856 mcx.

462 1932 782 1967 ALEXANDER
809 1932 1232 1968 GALLOVIDIANUS.
1285 1933 1365 1968 600.

231 2048 498 2081 ALEXANDER
512 2045 789 2085 Gallovidianus‚
805 2045 1041 2080 Kilkeldensis
1055 2047 1216 2081 ecclesiae
1229 2052 1359 2091 pastor,
1376 2049 1441 2088 vir,
1456 2052 1596 2092 praeter

232 2104 404 2148 insignem
439 2103 661 2146 probitatem,
700 2113 818 2136 rerum
857 2103 1141 2137 admirandarum
1171 2104 1290 2138 studio
1320 2105 1595 2148 incomparabili,

233 2159 372 2202 scripsit

376 2214 429 2247 De
465 2213 661 2247 Hebridum
703 2213 903 2248 Insularum
945 2214 1095 2256 Natura,
1133 2221 1168 2250 et
1201 2216 1398 2251 Arboribus
1433 2217 1597 2250 anserife-

426 2271 474 2303 ris
595 2270 654 2303 lib.
676 2279 699 2304 1.
752 2270 830 2304 Hoc
855 2282 938 2304 sane
962 2282 1073 2316 genus
1098 2273 1219 2307 avium
1245 2273 1426 2307 arboribus
1453 2274 1490 2306 in
1516 2272 1598 2307 Sco-

428 2327 477 2360 tia
502 2326 658 2370 produci,
679 2331 818 2370 praeter
842 2332 1028 2368 nostrateS,
1049 2328 1206 2364 docuerit
1232 2329 1465 2369 Ptolomaeus,
1493 2328 1598 2363 Mun-
