1861 2682
210 236 260 265 88'
583 236 808 269 HISTORIA
832 237 1194 285 ECCLEsIASTICA

212 328 316 367 domi,
335 328 393 361 sed
410 326 494 361 foris
512 328 691 367 illustrior,
709 328 876 361 Eduardo
894 327 1092 361 Confessori
1115 328 1265 372 Angliae
1288 328 1362 373 regi
1386 328 1423 361 in
1446 331 1566 372 paucis

212 395 324 417 carus.
391 383 495 417 Hunc
529 384 686 416 nonnulli
721 383 872 416 Saxonia
904 382 1101 421 oriundum,
1136 384 1194 415 alii
1229 383 1469 428 Lofflaringia,
1516 386 1569 417 vel

212 439 408 478 Germania,
428 439 465 471 in
481 439 647 483 Angliam
665 439 850 483 trajecisse,
870 438 930 471 sed
947 438 1020 470 sine
1037 439 1110 470 ullo
1129 442 1222 471 certo
1240 443 1389 472 auctore.
1436 438 1478 472 In
1497 439 1570 472 An-

212 496 283 539 glia
307 495 543 538 episcopatum
570 494 840 527 Bathoniensem
868 498 903 527 et
928 491 1136 526 Wellensem
1162 502 1246 527 XIV.
1274 495 1418 528 antistes
1444 495 1568 532 tenuit,

211 551 368 593 seditque
385 550 484 583 annis
503 558 633 583 xxvn.
678 550 814 594 Scripta
831 550 905 595 ejus
924 549 1112 592 perierunt,
1131 553 1268 591 praeter
1286 560 1395 584 unum
1414 561 1491 584 cum
1507 550 1570 583 hac

215 605 422 651 epigraphe:

357 661 565 704 Compilatio
584 660 798 704 Temporum
1130 659 1188 694 lib.
1211 669 1234 693 1.

261 716 488 750 Consecratus
506 720 557 749 est
575 727 666 749 anno
683 717 806 749 salutis
827 725 978 751 MXXXI.

612 826 770 861 DAVID
796 827 1038 862 BETONUS.
1090 831 1169 862 154.

212 940 346 973 DAVID
381 939 536 973 Betonus
568 939 881 979 Sanctandreanus‚
917 940 1084 974 bonarum
1120 941 1249 975 artium
1282 951 1385 975 causa
1419 943 1571 988 peregri-

212 997 351 1029 natione
380 1000 548 1038 suscepta,
579 996 773 1028 adolescens
808 995 951 1029 Parisiis
986 997 1145 1036 studuit3
1185 997 1240 1029 vir
1273 996 1397 1037 factus,
1433 999 1569 1043 legatus

211 1052 255 1084 ad
282 1051 505 1084 Franciscum
532 1050 723 1084 Galliarum
748 1062 875 1095 regem,
902 1056 937 1085 et
963 1051 1112 1085 Paulum
1139 1052 1206 1085 ΙΙΙ.
1233 1054 1408 1095 praeclare
1434 1053 1476 1086 de
1493 1054 1571 1086 reli-

211 1108 313 1152 gione
340 1107 518 1140 Catholica
547 1111 581 1139 et
607 1117 670 1139 sua
694 1107 808 1149 patria
833 1107 989 1147 meritus,
1016 1108 1200 1142 cardinalis
1231 1114 1365 1142 creatus
1396 1114 1448 1143 est
1478 1120 1572 1152 pres-

212 1164 312 1206 byter
328 1163 393 1195 sub
410 1163 512 1195 titulo
530 1161 564 1195 S.
584 1161 750 1205 Stephani
768 1162 806 1194 in
823 1161 939 1196 Coelio
957 1163 1100 1203 Monte3
1127 1164 1254 1198 creatio
1277 1165 1400 1198 incidit
1425 1165 1461 1198 in
1480 1173 1568 1198 XIII.

213 1220 342 1253 calend.
360 1219 504 1253 Januar.
523 1231 614 1253 anno
634 1227 879 1252 MDxxxvln.
922 1219 1054 1252 Paulus
1071 1219 1095 1251 J
1097 1220 1196 1253 ovius
1214 1220 1251 1252 in
1270 1219 1443 1263 Descript.
1462 1219 1572 1253 Scoti-

214 1285 271 1308 ca:
299 1280 319 1294 “
333 1275 413 1308 Fifa
426 1276 521 1320 regio
535 1276 694 1314 occurrit,
709 1275 855 1319 insignis
869 1275 904 1307 S.
919 1273 1079 1307 Andreae
1097 1275 1193 1314 urbe,
1211 1286 1388 1308 sacrorum
1406 1276 1571 1319 primatu,

213 1337 245 1364 et
264 1331 436 1376 gymnasii
455 1332 671 1369 auctoritate,
689 1334 860 1373 portuque
878 1330 1078 1370 clarissima,
1104 1330 1159 1362 cui
1181 1330 1284 1363 hodie
1301 1336 1437 1373 praeest
1455 1330 1571 1364 David

213 1387 392 1425 Betonius‚
404 1387 570 1430 purpurei
583 1386 691 1430 galeri
703 1386 883 1430 dignitate,
895 1385 987 1418 vitae
998 1386 1188 1428 splendore,
1202 1396 1241 1418 ac
1252 1385 1384 1430 ingenii
1398 1386 1571 1430 gravitate

213 1443 390 1475 illustris.”
440 1441 576 1475 Tantus
602 1442 658 1474 hic
683 1441 827 1474 antistes
853 1452 873 1474 a
898 1440 1030 1473 sicariis
1056 1441 1238 1473 haereticis
1263 1440 1301 1473 in
1327 1441 1483 1473 cubiculo
1508 1451 1571 1473 suo

212 1499 450 1542 strangulatus
468 1501 540 1536 est3
567 1497 761 1540 percussori
779 1507 904 1529 nomen
921 1497 1106 1539 praecipuo
1123 1495 1301 1534 Leslaeus,
1321 1495 1382 1539 qui
1400 1496 1436 1528 in
1455 1506 1492 1529 os
1517 1496 1572 1528 de-

212 1553 323 1586 functi
356 1554 493 1592 minxit,
527 1558 757 1596 ornatumque
790 1552 938 1585 cadaver
970 1551 1198 1584 cardinalitiis
1243 1551 1404 1596 insigniis
1447 1552 1571 1594 parieti

212 1619 401 1652 appensum
420 1609 526 1641 variis
544 1608 761 1641 contumeliis
779 1607 966 1640 affecerunt
983 1607 1152 1651 sacrilegi,
1182 1618 1202 1639 a
1219 1607 1347 1650 quibus
1365 1606 1460 1640 Deus
1477 1612 1572 1650 post-

214 1676 254 1697 ea
280 1664 412 1697 debitas
437 1675 564 1707 poenas
591 1664 726 1708 exegit3
751 1674 831 1696 nam
855 1664 971 1696 nullus
994 1662 1206 1695 nefariorum
1232 1673 1475 1706 percussorum
1502 1673 1571 1695 non

215 1720 366 1753 violenta
388 1725 499 1752 morte
523 1720 714 1753 exstinctus
738 1724 800 1758 est,
822 1724 857 1752 et
879 1719 1042 1752 Leslaeus
1066 1722 1220 1751 sternace
1244 1729 1332 1761 equo
1349 1718 1501 1762 dejectus
1520 1718 1571 1751 in-

214 1776 318 1814 teriit,
337 1775 551 1808 memorabili
569 1786 651 1808 sane
668 1776 845 1818 exemplo:
872 1785 980 1818 equus
1003 1775 1039 1807 in
1062 1774 1234 1807 volventis
1258 1785 1295 1807 os
1319 1774 1459 1813 meiens,
1484 1774 1571 1806 divi-

213 1843 276 1864 nae
303 1831 474 1864 vindictae
496 1837 635 1870 certam,
658 1832 738 1864 licet
761 1831 903 1863 dilatam
927 1830 1139 1873 aliquandiu,
1164 1830 1382 1862 severitatem
1408 1830 1569 1862 ostendit.

214 1887 400 1920 Eduardus
418 1887 542 1920 Hallus
557 1887 616 1921 lib.
631 1896 718 1920 V111.
732 1888 774 1920 de
787 1887 935 1919 duarum
949 1885 1125 1918 Familiar.
1140 1884 1288 1918 Unione.
1304 1884 1433 1918 Actum
1448 1885 1570 1918 deinde

213 1948 376 1986 sequente
405 1954 496 1976 anno
526 1943 567 1975 de
597 1948 668 1976 tam
698 1943 842 1986 indigna
873 1941 974 1974 caede
1009 1940 1225 1973 vindicanda.
1261 1940 1379 1973 Jacob.
1414 1940 1568 1985 August.

213 1997 384 2031 Thuanus
407 1998 466 2031 lib.
493 2009 548 2032 111.
575 1999 823 2031 Historiarum.
874 1995 940 2029 Sed
963 1995 1104 2034 frustra,
1129 1996 1253 2029 exinde
1276 1996 1368 2029 enim
1390 2007 1444 2029 res
1468 1998 1571 2029 eccle-

214 2053 351 2086 siastica
380 2059 473 2086 retro
506 2054 544 2087 in
577 2054 649 2086 dies
682 2053 777 2091 ferri,
812 2063 850 2085 ac
884 2051 1065 2085 haereticis
1100 2052 1190 2084 vires
1225 2062 1386 2085 crescere.
1452 2051 1569 2097 Hujus

215 2113 320 2142 sunt:

357 2164 410 2198 De
428 2164 676 2209 Legationibus
694 2164 765 2196 suis
1082 2162 1140 2196 lib.
1161 2171 1186 2196 Ι.

358 2219 412 2253 De
430 2220 590 2253 Primatu
607 2219 702 2253 Petri
1081 2219 1140 2251 lib.
1160 2227 1183 2251 Ι.
1202 2218 1301 2252 Vidit
1319 2218 1360 2252 G.
1379 2217 1568 2252 Barelaius.

360 2275 537 2319 Epistolae
555 2276 597 2309 ad
615 2276 768 2309 diversos
1085 2274 1142 2308 lib.
1162 2285 1184 2309 1.
