1861 2682
279 259 340 288 218
647 258 871 289 HISTORIA
894 257 1255 288 ECCLESIASTICA

563 403 845 437 GILBERTUS
870 401 1206 434 DEIDONANUS.
1259 403 1339 434 400.

284 515 511 548 GILBERTUS
529 516 764 552 Deidonanus,
783 514 1036 546 Carmelitanus
1054 512 1184 544 ordinis
1198 511 1239 544 B.
1256 511 1388 544 Mariae
1401 523 1534 556 semper
1547 514 1628 547 Vir-

283 572 385 615 ginis,
403 583 480 604 cum
498 573 617 603 doctor
634 575 721 603 esset
740 570 799 601 SS.
819 567 1010 611 theologiae
1027 567 1244 605 Sorbonicus,
1269 568 1453 600 conventui
1478 580 1540 602 suo
1566 571 1629 603 Pa-

284 627 419 659 risiensi
452 627 579 659 famam
614 631 648 658 et
682 636 760 667 opes
794 623 1002 667 professione
1035 623 1167 664 peperit
1183 632 1192 660 ;
1231 633 1313 666 erga
1341 623 1490 664 patriam
1531 636 1629 657 suain

284 690 415 726 gratus,
442 682 569 713 meruit
586 682 621 712 in
640 681 703 712 hoc
719 690 819 721 opere
841 679 1044 710 honoratam
1068 678 1275 709 mentionem
1291 687 1299 709 ι
1325 679 1432 711 altare
1456 679 1548 712 Divo
1566 680 1630 712 Ni-

284 738 388 769 niano
406 737 506 768 Scoto
524 737 559 768 in
578 747 641 767 sua
658 735 797 766 ecclesia
819 733 1004 776 reparavit,
1030 744 1145 765 annuo
1166 744 1269 765 censu
1291 733 1427 772 ditavit,
1451 746 1631 767 ornamen-

283 793 328 824 tis
346 792 529 829 decoravit,
547 791 639 833 quod
657 801 695 822 eo
713 795 865 831 tempore
883 789 1066 821 Scotorum·
1080 789 1319 832 religiosorum
1345 793 1379 821 et
1396 790 1629 831 professorum

285 848 480 889 sepulturae
497 847 543 878 ibi
563 851 685 878 essent.
737 845 882 887 Scripsit

426 901 652 939 Quaestiones
670 900 947 938 Quodlibetarias
1243 899 1302 932 lib.
1323 908 1346 931 Ι.

429 957 595 989 Lecturas
615 957 726 989 varias
1240 955 1298 987 lib.
1319 963 1343 986 Ι.

332 1013 507 1045 Alumnus
519 1018 591 1044 erat
606 1013 769 1044 comitum
786 1011 999 1043 Martialium
1016 1022 1105 1043 anno
1119 1018 1316 1042 MCCCXIII.
1342 1010 1463 1044 Oratio
1477 1010 1632 1044 funebris

287 1069 328 1101 de
345 1073 454 1101 morte
474 1068 615 1100 Roberti
636 1068 741 1100 Kethi
761 1067 894 1100 abbatis
914 1066 1102 1098 Deirensis.

612 1233 900 1267 GULIELMUS
926 1233 1166 1266 DOUGLAS.
1217 1235 1296 1266 401.

287 1348 526 1381 GULIELMUS
554 1346 774 1389 Douglasius,
806 1345 908 1377 abbas
939 1344 1082 1376 Mailros
1110 1344 1247 1376 doctiss.
1279 1345 1382 1376 simul
1413 1350 1447 1377 et
1475 1345 1628 1377 nobiliss.

288 1415 326 1436 eo
344 1408 495 1444 tempore
513 1413 581 1444 quo
599 1412 652 1433 res
671 1402 706 1432 in
725 1401 839 1433 Scotia
856 1400 1055 1432 turbulento
1073 1400 1258 1432 admodum
1276 1404 1370 1432 statu
1392 1400 1572 1438 nutabant,
1600 1406 1632 1432 et

287 1459 447 1501 quoniam
461 1459 496 1489 in
511 1458 665 1500 catalogo
678 1457 770 1488 illius
783 1456 871 1488 sedis
883 1460 1095 1493 numeratur,
1108 1459 1141 1487 et
1154 1460 1205 1487 est
1216 1455 1369 1487 omnium
1383 1455 1475 1487 illius
1482 1455 1634 1487 familiae

287 1515 492 1556 scriptorum
512 1512 777 1549 vetustissimus,
796 1511 851 1542 hic
869 1522 910 1542 ex
928 1510 1080 1552 professo
1094 1511 1134 1542 de
1149 1511 1222 1553 ejus
1237 1511 1369 1553 origine
1383 1511 1550 1552 quaedam
1565 1521 1634 1543 non

287 1570 445 1613 vulgaria
459 1569 624 1610 aperiam.
655 1567 896 1610 Sexagesimus
910 1573 1054 1608 quartus
1069 1565 1249 1598 Scotorum
1261 1577 1322 1598 rex
1335 1571 1408 1598 erat
1421 1566 1632 1604 Soluathius,

288 1626 343 1657 vir
354 1625 503 1667 prudens
518 1630 551 1656 et
563 1624 672 1661 fortis,
686 1622 836 1666 Eugenii
850 1621 932 1654 IIX.
948 1623 1037 1665 regis
1052 1622 1157 1653 filius:
1176 1627 1294 1654 contra
1305 1622 1396 1654 hunc
1410 1633 1500 1654 anno
1513 1623 1634 1654 salutis

290 1688 493 1712 DCCLXVII.
512 1684 587 1711 orta
605 1679 783 1720 perduellii
802 1679 885 1715 lues,
909 1678 993 1709 duce
1016 1677 1139 1709 Banno
1166 1677 1388 1714 Hebridiano‚
1413 1678 1462 1709 ait
1483 1677 1634 1710 Joannes

289 1736 450 1768 Leslaeus
476 1735 534 1767 lib.
556 1743 607 1766 lv.
635 1744 713 1777 pag.
733 1742 870 1765 CLXXI.
897 1734 951 1764 vel
977 1733 1210 1765 Makdonaldo
1229 1732 1362 1769 Banno,
1386 1733 1517 1765 insulae
1541 1732 1634 1775 Tyre

289 1791 473 1833 toparcha3
501 1795 534 1823 et
552 1791 633 1822 dum
658 1790 810 1831 quotidie
833 1788 972 1821 rebellio
990 1789 1080 1820 vires
1098 1788 1266 1826 sumebat,
1289 1798 1349 1820 rex
1375 1788 1440 1820 sibi
1466 1794 1634 1826 metuens,

289 1847 480 1888 conscripto
499 1847 651 1878 exercitu
669 1844 900 1887 perduellibus
918 1844 1077 1881 occurrit,
1103 1854 1188 1885 quos
1211 1843 1306 1875 fusos
1330 1844 1365 1874 in
1389 1854 1509 1885 rupem
1528 1854 1636 1886 quan-

289 1903 368 1934 dam
386 1903 511 1934 editam
531 1902 565 1932 in
585 1901 795 1943 provinciam
816 1899 965 1931 Lol-nam
985 1899 1160 1940 compulit,
1179 1899 1238 1930 ubi
1262 1899 1352 1930 fame
1376 1899 1509 1936 domiti,
1536 1909 1636 1941 erup-

290 1958 417 1990 tionem
444 1962 632 1993 tentarunt,
660 1960 694 1988 et
717 1956 807 1998 regis
831 1955 955 1996 copias,
979 1954 1067 1985 nihil
1084 1955 1151 1985 tale
1169 1959 1355 1995 sperantes,
1375 1955 1553 1996 inopinato
1578 1965 1636 1998 ag-

290 2013 410 2056 gressi,
428 2012 615 2045 fortissime
633 2012 856 2047 assultarunt,
874 2010 1080 2051 penitusque
1098 2010 1324 2047 attrivissent,
1339 2010 1406 2041 nisi
1426 2010 1479 2041 vir
1496 2011 1635 2052 quidam

291 2068 414 2100 nobilis
440 2079 516 2100 cum
543 2077 683 2099 suorum
710 2076 815 2097 manu
842 2065 915 2107 ipso
943 2070 1069 2106 puncto
1098 2066 1349 2102 intervenisset,
1380 2065 1439 2107 qui
1469 2065 1636 2108 fugitivos

290 2123 477 2161 retrahens,
497 2124 531 2154 in
551 2123 655 2154 aciem
674 2121 807 2164 magnis
825 2120 967 2158 viribus,
987 2121 1177 2163 majorique
1195 2121 1320 2158 animo,
1338 2121 1543 2162 irrumpens,
1565 2131 1637 2162 per-

291 2180 418 2211 duelles
437 2180 485 2211 ita
502 2178 714 2214 coercuisset,
733 2181 772 2208 ut
790 2176 947 2208 omnibus
965 2175 1156 2220 profligatis
1174 2176 1246 2217 ipse
1266 2175 1408 2208 Bannus
1431 2176 1464 2207 in
1491 2181 1638 2217 potesta-

291 2241 359 2267 tem
379 2234 511 2266 venerit
531 2234 641 2270 vivus,
660 2236 778 2274 postea
795 2232 976 2263 necandus.
1018 2231 1093 2263 Rex
1112 2236 1209 2264 tanto
1226 2236 1321 2264 metu
1339 2231 1502 2263 liberatus
1521 2231 1639 2262 sedulo

291 2291 437 2335 rogavit,
463 2290 539 2332 quis
566 2290 621 2321 iile
648 2290 702 2321 vir
726 2287 825 2320 fortis
852 2287 983 2325 fuisset,
1010 2288 1067 2330 qui
1095 2292 1164 2320 tam
1191 2291 1382 2330 opportune
1408 2286 1638 2318 interveniens
