1861 2682
625 274 795 308 GENTIS
820 273 1091 310 SCOTORUM,
1116 273 1203 306 LIB.
1228 274 1271 306 11.
1591 275 1630 306 75

267 368 399 403 Christi
415 368 580 412 apostolo,
594 368 798 401 sacrandum
815 377 835 400 a
847 366 1084 400 fundamentis
1093 367 1199 411 jecit:
1217 365 1297 399 inde
1310 365 1484 409 profectus
1497 367 1628 400 concio-

267 425 449 458 nabundus
463 424 506 457 ad
521 424 665 463 Tellein,
681 424 795 456 vicum
809 422 921 456 tribus
935 432 1100 466 passuum
1112 421 1264 455 millibus
1277 421 1320 455 ab
1331 420 1465 460 Alecto,
1478 421 1626 455 alterum

268 481 435 523 templum
452 480 607 524 ejusdem
625 479 771 523 apostoli
789 478 921 512 nomini
944 478 1096 511 dicatum
1114 478 1290 517 condidit3
1320 477 1463 510 tertium
1482 477 1525 510 ad
1543 477 1628 510 Res-

267 540 460 574 tennotum,
484 547 577 569 nunc
599 534 842 569 canonicorum
860 534 905 568 D.
923 533 1118 578 Augustini
1136 533 1352 567 coenobium.
1403 532 1479 566 Illic
1496 533 1627 577 aliquot

266 592 367 624 annis
392 596 557 630 moratus,
583 591 627 624 ad
653 601 689 624 se
713 589 942 624 confluentem
967 590 1135 634 populum
1161 594 1385 633 posteaquam
1403 589 1533 622 salubri
1552 589 1629 623 doc-

266 647 359 679 trina
388 647 678 690 frequentissimis
706 646 927 680 concionibus
957 645 1203 685 confirmasset,
1234 645 1416 690 Angusiae
1441 645 1625 688 reliquum,

268 701 452 741 Merniam,
490 702 677 741 Marream,
723 701 1022 745 Buthquhaniam‚
1064 701 1300 747 Bogevallem,
1342 706 1377 734 et
1420 701 1627 739 Moraviam‚

266 756 399 791 Christi
414 758 575 803 dogmate
588 763 708 802 gentes
722 757 893 797 erudiens,
907 758 1114 801 penetravit,
1129 758 1222 791 haud
1236 758 1355 801 paucis
1368 757 1506 800 templis
1521 757 1627 790 variis

265 814 303 845 in
321 823 439 847 earum
457 814 639 858 regionum
656 814 750 853 locis,
768 814 805 846 in
823 813 919 847 Petri
937 814 1083 857 apostoli
1105 813 1273 849 honorem
1296 813 1445 847 conditis
1470 813 1627 846 sacratis-

267 879 346 912 que.
384 868 541 902 Tandem
556 880 637 902 vero
648 869 786 902 devenit
800 873 834 902 et
846 869 884 902 in
897 869 1070 909 Rossiam,
1081 869 1141 903 ubi
1153 870 1196 902 ad
1210 870 1302 903 vitae
1316 870 1448 902 exitum
1461 873 1626 907 moratus,

267 925 387 958 multis
405 930 439 959 et
456 926 523 969 piis
541 925 725 958 sudoribus
743 935 806 968 pro
827 936 929 958 verae
953 925 1094 968 pietatis
1119 926 1215 958 cultu
1240 925 1417 968 impensis,
1444 925 1627 958 sanctitate

265 986 300 1014 et
317 981 509 1014 eruditione
523 981 682 1026 insignis,
696 980 830 1014 felicem
847 980 999 1014 animam
1017 981 1111 1014 coelo
1124 980 1281 1019 reddens,
1296 991 1420 1024 corpus
1434 981 1526 1024 apud
1540 981 1626 1013 Ros-

265 1037 409 1070 marken
422 1037 656 1080 sepeliendum
670 1036 840 1079 reliquit.”
866 1035 964 1069 Haec
974 1036 1048 1070 ille:
1062 1047 1125 1080 ego
1140 1041 1256 1070 tamen
1272 1037 1388 1080 potius
1400 1036 1627 1079 apostolicum

267 1093 418 1137 legatum
444 1092 609 1136 putarim,
633 1102 739 1136 quam
763 1091 970 1135 pontificem.
1022 1092 1187 1125 Meminit
1212 1102 1408 1136 anonymus
1433 1092 1491 1125 ille
1508 1102 1628 1125 mona-

264 1148 349 1180 chus
364 1147 586 1186 Paslatensis,
600 1157 717 1180 rerum
731 1147 944 1181 Scoticarum
962 1148 1120 1191 scriptor,
1139 1152 1173 1180 et
1191 1146 1214 1180 J
1217 1158 1294 1181 oan.
1309 1147 1474 1181 Leslaeus
1491 1148 1552 1181 lib.
1573 1155 1625 1181 lv,

263 1213 343 1247 pag.
370 1210 475 1235 CLIV.
502 1202 619 1235 Gessit
643 1202 681 1234 in
707 1202 832 1235 Rossia
857 1203 1105 1246 episcopatum.
1155 1203 1209 1236 De
1239 1204 1304 1238 hoc
1331 1205 1520 1247 apostolico
1551 1205 1626 1237 viro

264 1262 358 1291 certa
375 1257 457 1291 olim
476 1257 618 1290 traditio
635 1261 721 1296 erat,
741 1268 857 1300 quam,
875 1263 1014 1300 praeter
1030 1260 1230 1293 unanimem
1253 1261 1464 1294 nostratium
1488 1271 1628 1294 consen·

264 1324 353 1353 sum,
386 1313 491 1347 etiam
519 1313 680 1358 Rogerus
710 1312 923 1346 Hovedenus
952 1315 1165 1357 exsequitur,
1195 1315 1324 1349 Annal.
1354 1321 1444 1359 part.
1477 1325 1519 1349 11.
1545 1327 1624 1360 pag.

265 1378 451 1403 cnxxvn.
503 1374 525 1388 “
550 1369 690 1402 Dicitur
714 1368 808 1412 quod
833 1368 871 1402 in
901 1369 1090 1403 cathedrali
1120 1371 1261 1404 ecclesia
1290 1371 1509 1415 episcopatus
1539 1371 1628 1404 Ros-

265 1426 385 1465 sensis,
416 1436 505 1470 quae
530 1425 659 1459 dicitur
684 1424 914 1464 Rosmarken,
945 1424 1077 1459 Beatus
1106 1425 1308 1460 Bonifacius
1338 1437 1439 1471 papa,
1469 1427 1529 1471 qui
1558 1427 1624 1461 suit

266 1486 412 1525 quartus
426 1492 447 1514 a
460 1481 570 1514 Beato
584 1480 763 1525 Gregorio,
777 1481 934 1524 sepultus
948 1482 1031 1515 est.'’
1061 1482 1120 1515 Ex
1133 1483 1197 1516 hac
1210 1482 1441 1526 descriptione
1455 1493 1534 1516 eum
1550 1494 1627 1516 con-

265 1542 335 1571 stat
352 1536 460 1570 fuisse
479 1536 698 1570 Bonifacium
717 1535 780 1570 IV.
799 1537 858 1580 qui
876 1548 897 1570 a
915 1537 1032 1571 Phoca
1049 1537 1196 1572 Caesare
1219 1538 1401 1572 Pantheon
1422 1540 1512 1572 dono
1536 1550 1626 1573 acce-

265 1593 329 1636 pit,
362 1597 397 1626 et
430 1593 523 1636 quod
557 1592 714 1626 omnium
747 1592 1010 1626 daemoniorum
1039 1600 1125 1634 erat,
1155 1594 1374 1628 beatissimae
1403 1594 1561 1640 Virginis
1591 1600 1624 1628 et

264 1648 420 1682 omnium
445 1653 645 1682 sanctorum
670 1647 792 1687 effecit,
817 1652 858 1682 ut
883 1655 1002 1683 narrat
1027 1649 1069 1682 de
1094 1661 1134 1683 eo
1159 1650 1251 1683 idem
1275 1650 1498 1689 Hovedenus,
1524 1652 1623 1696 cujus

263 1704 346 1738 fides
365 1704 518 1738 Baronio
536 1705 692 1738 sincera:
718 1703 776 1737 hic
791 1704 896 1737 etiam
914 1704 1042 1739 festum
1061 1707 1217 1740 omnium
1239 1713 1437 1740 sanctorum
1459 1707 1625 1744 instituit,

264 1766 304 1794 ut
321 1765 457 1804 praeter
476 1760 829 1800 Huntindoniensem,
850 1759 1092 1800 Hovedenum,
1117 1762 1474 1802 Malmesburiensem‚
1498 1768 1532 1796 et
1549 1772 1626 1796 nos-

265 1822 347 1856 tros,
377 1817 599 1850 consentiunt
626 1816 814 1861 hagiologi,
844 1821 879 1850 et
904 1827 947 1850 ex
972 1817 1015 1850 iis
1042 1817 1191 1857 Platina,
1218 1817 1401 1858 Ciaconus,
1433 1822 1469 1851 et
1495 1829 1623 1852 omnes.

264 1873 388 1906 Altum
406 1879 522 1907 tamen
543 1874 720 1907 silentium
743 1873 836 1917 apud
859 1883 979 1907 omnes
1001 1873 1111 1906 nostri
1135 1878 1170 1906 et
1193 1874 1381 1917 superioris
1406 1874 1481 1907 aevi
1506 1884 1623 1907 rerum

265 1929 446 1972 scriptores
463 1930 781 1964 ecclesiasticarum.
826 1929 916 1974 Ejus
935 1935 1050 1963 tamen
1070 1928 1242 1963 Bonifacii
1262 1929 1435 1963 habentur
1449 1940 1490 1963 ex
1504 1929 1620 1963 eodem

266 1984 468 2023 Paslatensi,
487 1990 526 2018 ut
543 1986 686 2019 volunt:
1483 2012 1486 2013 γ

408 2039 461 2072 De
479 2040 728 2085 Praerogativa
746 2041 843 2075 Petri
1424 2041 1483 2075 lib.
1504 2050 1528 2075 1.

410 2094 611 2128 Paraenesis
630 2097 673 2128 ad
691 2096 810 2130 Scotos
1423 2098 1483 2131 lib.
1504 2107 1526 2130 Ι.

408 2150 609 2184 Doctrinale
622 2151 733 2190 Fidei,
748 2152 824 2185 MS.
839 2152 1057 2187 Aberdoniae
1072 2154 1154 2187 olim
1169 2158 1397 2193 asservatum,
1424 2154 1483 2188 lib.
1506 2162 1528 2187 1.

313 2206 466 2240 Venerat
483 2207 540 2239 ille
558 2207 594 2240 in
611 2206 762 2240 scotiam
780 2219 871 2241 anno
890 2216 939 2242 Dc
947 2217 996 2242 v1.
1015 2215 1076 2243 aut
1093 2221 1185 2249 sane,
1203 2215 1243 2244 ut
1266 2210 1382 2244 verius
1405 2211 1474 2247 alii,
1500 2218 1621 2243 Dcxx.

264 2262 402 2296 Colitur
420 2263 474 2296 die
493 2271 575 2295 xvl.
597 2262 729 2296 Martii.
786 2263 1006 2298 Breviarium
1024 2265 1207 2300 scoticum.
