1861 2682
315 245 376 273 248
688 242 912 274 HISTORIA
936 241 1296 273 ECCLESIASTICA

746 389 780 421 S.
807 387 1104 421 ENGLATIUS.
1157 388 1237 420 454.

319 502 352 535 S.
371 502 621 540 ENGLATIUS‚
640 499 916 543 incomparabilis
942 500 1033 532 vitae
1059 498 1151 541 apud
1176 502 1346 531 nostrates
1365 499 1519 539 antistes,
1545 501 1662 534 eodem

319 559 431 591 seculo
448 568 526 590 cum
543 557 725 594 Moveano,
752 556 912 593 Medano,
938 554 1082 592 Blaano,
1107 559 1141 586 et
1163 553 1333 593 Colmoco,
1360 555 1463 588 etiam
1482 556 1663 599 episcopali

318 614 429 659 gloria
445 613 653 650 clarissimis,
676 612 841 655 Congano
858 610 991 648 abbate,
1017 614 1051 642 et
1075 608 1226 654 Vigiano
1247 610 1424 650 monacho,
1449 622 1522 644 rem
1548 611 1665 644 Chris-

318 670 449 703 tianam
467 669 651 711 promovit,
678 672 712 700 et
729 667 903 699 ecclesiam
921 665 1134 699 sanctissime
1152 665 1419 700 administravit.
1472 667 1518 700 H.
1538 667 1662 701 Boeth.

320 726 378 758 lib.
398 734 453 757 xl.
473 724 567 756 Hist.
586 723 677 757 Scot.
729 722 833 755 Hunc
851 727 885 755 et
902 721 1180 754 Scotichronicon
1198 721 1235 754 in
1252 726 1386 755 sanctos
1412 724 1558 756 relatum
1584 725 1664 756 scri-

320 782 381 819 bit,
399 785 432 813 et
449 781 560 813 multa
576 780 668 822 apud
685 783 856 812 nostrates
873 778 1002 820 templa
1019 777 1103 815 Deo,
1129 777 1194 810 sub
1211 777 1426 811 invocatione
1443 779 1564 821 ipsius,
1586 790 1664 812 con-

319 841 449 870 secrata
466 838 667 879 loquuntur,
688 835 746 868 sed
769 834 949 867 silentibus
974 833 1242 878 martyrologiis,
1267 844 1336 877 quo
1361 834 1415 867 die
1440 835 1572 867 colatur
1595 845 1664 868 non

317 893 437 936 reperi.
488 892 633 935 Scripsit

459 948 625 981 Lecturas
643 947 763 980 Sacras
1178 945 1235 977 lib.
1258 953 1282 977 Ι.

461 1004 658 1046 Seripturae
676 1002 892 1036 Scrutinium
1176 1001 1235 1033 lib.
1257 1009 1281 1034 1.

459 1059 635 1102 Epistolas
653 1060 695 1092 ad
714 1059 827 1092 varios
1180 1057 1240 1091 lib.
1261 1065 1284 1089 1.

365 1115 526 1149 Florebat
544 1126 634 1148 anno
654 1124 725 1148 Mx.
778 1114 913 1147 Colitur
930 1121 1043 1146 XXVI.
1063 1112 1234 1156 Septemb.
1255 1121 1313 1146 111.
1332 1112 1501 1147 Novemb.

821 1281 855 1314 S.
882 1280 1029 1313 EBBA.
1080 1282 1161 1313 455.

319 1396 352 1428 S.
372 1395 494 1434 EBBA,
518 1394 712 1428 Ethelfredi
730 1392 1002 1426 Northumbriae
1019 1393 1110 1437 regis
1128 1391 1208 1431 filia,
1226 1397 1324 1435 patre
1342 1392 1532 1432 interfecto,
1558 1395 1665 1428 velari

319 1451 429 1484 voluit
453 1451 490 1483 in
515 1449 762 1494 Coldinghensi
788 1449 921 1481 Scotiae
947 1448 1119 1487 coenobio,
1152 1459 1190 1481 ac
1220 1452 1339 1491 postea
1366 1450 1548 1482 sanctitate
1574 1450 1666 1484 vitae

320 1508 428 1540 eidem
447 1507 653 1549 praeposita,
680 1506 768 1538 mira
796 1504 1007 1538 coutinentia
1033 1504 1133 1537 vixit.
1186 1503 1281 1536 Haec
1306 1515 1349 1537 ne
1374 1515 1395 1537 a
1420 1504 1540 1545 Danis,
1566 1516 1606 1539 ea
1630 1507 1667 1540 in

320 1564 433 1596 insula
446 1562 637 1595 incredibili
652 1562 828 1594 salacitate
841 1559 1139 1598 debacchantibus,
1157 1560 1320 1604 injuriam
1339 1564 1526 1603 pateretur,
1544 1572 1667 1595 nasum

322 1619 398 1658 sibi,
424 1623 458 1651 et
483 1618 617 1651 labrum
643 1617 812 1660 superius,
839 1616 932 1649 virili
961 1616 1155 1648 constantia
1185 1616 1401 1659 amputavit;
1429 1617 1522 1659 quod
1554 1628 1667 1650 exem-

320 1676 416 1718 plum
446 1679 577 1707 ceterae
607 1673 881 1706 sanctimoniales
914 1676 1059 1710 secutae,
1091 1671 1171 1716 igne
1202 1672 1351 1704 claustro
1381 1671 1592 1705 circumdato
1623 1673 1665 1706 ad

321 1742 428 1764 unam
445 1741 563 1763 omnes
581 1724 814 1772 consumptae.
858 1727 954 1761 Beda
966 1727 1025 1760 lib.
1041 1736 1093 1760 IV.
1108 1726 1242 1761 Histor.
1258 1727 1456 1761 Ecclesiast.
1472 1726 1574 1761 Gent.
1592 1728 1667 1762 An-

321 1788 407 1831 glor.
422 1797 494 1829 cap.
511 1794 596 1818 XIX.
635 1784 873 1829 Chorograph.
889 1784 1024 1817 Britan.
1039 1794 1116 1828 pag.
1130 1791 1239 1816 Delx.
1279 1783 1479 1816 Matthaeus
1493 1783 1667 1818 Westmo-

320 1842 540 1876 nasteriensis
575 1842 617 1873 ad
652 1852 781 1873 annum
811 1849 1011 1873 DCCCLXX.
1046 1839 1209 1882 Polydor.
1240 1838 1365 1883 Virgil.
1396 1839 1454 1871 lib.
1487 1848 1539 1872 IV.
1571 1839 1666 1873 Hist.

320 1899 425 1943 Augl.
472 1897 646 1930 Ecclesiae
663 1896 876 1941 Anglicanae
895 1896 1128 1938 Trophaeum,
1146 1894 1297 1939 imagine
1315 1903 1415 1927 XVII.
1459 1893 1518 1927 An
1536 1895 1667 1939 aliquid

321 1954 506 1996 scripserit,
527 1954 670 1997 ignoro3
690 1957 780 1985 certe
798 1963 840 1985 ne
858 1953 969 1994 apices
987 1951 1124 1994 quidem
1144 1961 1285 1993 operum
1303 1951 1346 1983 ad
1364 1962 1418 1984 me
1435 1957 1666 1994 pervenerunt

322 2011 394 2043 ulli.
445 2009 497 2042 De
515 2021 554 2041 ea
571 2009 722 2041 Joannes
742 2008 841 2040 Felix
858 2007 1017 2040 Astolfus
1035 2017 1126 2039 novo
1144 2006 1360 2050 Legendario
1378 2007 1421 2040 ad
1445 2007 1535 2039 diem
1562 2016 1665 2041 XXII.

321 2066 485 2110 Augusti,
513 2075 555 2098 ex
581 2064 811 2097 Cantiuncula
837 2063 957 2095 Maffei
982 2062 1134 2101 Venieri‚
1161 2063 1666 2107 archiepiscopi'Corcyrensis,

321 2122 587 2166 elegantissima,
621 2120 680 2152 ubi
715 2124 875 2162 corrupte
916 2116 1101 2162 Collingan
1139 2130 1202 2161 pro
1244 2116 1474 2163 Coldinglmm
1508 2119 1665 2152 habetur.

322 2177 459 2210 Colitur
476 2176 512 2208 in
530 2175 671 2220 Anglia,
690 2175 749 2207 ubi
768 2175 931 2217 oppidum
954 2173 1006 2207 St.
1024 2172 1105 2206 Abs
1121 2185 1184 2217 pro
1201 2172 1240 2207 S.
1259 2172 1391 2207 Ebbes.

367 2233 491 2265 Relata
507 2232 544 2264 in
562 2236 697 2264 sanctos
715 2241 805 2263 anno
824 2239 976 2263 Dcxxx.
1019 2230 1196 2263 Arnoldus
1225 2230 1342 2263 Uvion
1367 2231 1455 2263 libro
1483 2239 1534 2263 lv,
1560 2230 1665 2274 Ligni

321 2288 422 2321 Vitae
447 2299 519 2331 cap.
547 2295 694 2320 XXV111.
727 2291 760 2318 et
786 2287 844 2319 alii
871 2287 1035 2328 plerique,
1067 2287 1121 2318 vel
1147 2297 1236 2319 anno
1263 2295 1462 2319 Dceexxx.
1494 2286 1585 2329 quod
1613 2297 1667 2318 ve-
