1861 2682
588 265 758 298 GENTIS
782 263 1051 301 SCOTORUM,
1078 264 1163 296 LIB.
1189 264 1214 296 Ι.
1540 267 1579 297 27

516 357 586 385 Inde
600 356 798 389 columbanus,
812 361 906 384 noster
918 360 998 393 pater
1011 361 1096 393 atque
1110 355 1251 392 magister,

552 403 673 440 Alpibus
687 402 819 435 excursis,
834 402 970 438 aeriisque
984 402 1046 434 viis,

517 449 573 476 Hic
587 449 675 476 aderit
689 458 828 486 praesens,
843 448 994 484 alacrisque
1008 447 1043 475 ad
1056 447 1159 484 gaudia
1173 452 1261 480 tanta,

555 495 676 531 Agmina
690 494 834 531 conjungit
848 493 1002 521 consociata
1015 492 1107 521 simul.

513 541 730 577 Conjunguntur
744 540 769 568 ei
783 539 915 572 celebres,
929 548 1095 577 gressusque
1109 539 1230 576 fatigant

553 586 624 614 Tres
637 595 746 623 quoque
761 585 940 618 Francorum,
956 585 1121 622 Scotigenae
1135 585 1249 622 pariter.

270 695 402 729 Attilae
425 697 534 729 nostri
561 697 689 740 scripta
713 708 733 729 a
756 696 936 730 Bernardo
960 697 1065 731 Sacco
1088 697 1285 735 laudantur,
1308 702 1342 730 et
1368 701 1449 730 sunt
1474 707 1576 740 quae-

220 752 298 784 dam
319 751 419 784 MSS.
439 753 474 784 in
493 751 709 785 Bibliotheca
726 751 860 786 Veneta
878 753 1067 787 Marciana.

362 807 463 840 Bobii
488 808 692 840 Monasterii
711 808 918 841 Immunitas
1083 807 1142 841 lib.
1163 817 1186 840 1.

363 862 416 895 De
435 862 674 896 Theudelinda
692 864 829 908 Regina
1086 864 1144 897 lib.
1166 872 1189 896 1.

267 917 415 952 Vivebat
434 919 650 952 sanctissime
668 931 758 952 anno
776 919 898 951 salutis
917 926 1085 952 DCXXIV.

684 1029 719 1063 S.
747 1029 995 1064 ANDREAS.
1047 1032 1104 1062 31.

216 1141 250 1173 S.
269 1140 477 1179 ANDREAS‚
497 1142 610 1174 socius
628 1141 917 1186 peregrinationis
931 1140 964 1173 S.
980 1141 1120 1179 Donati,
1136 1142 1287 1186 episcopi
1306 1142 1480 1182 Fesulani,
1500 1144 1572 1176 loca

217 1201 335 1229 sancta
360 1196 494 1228 visendi
520 1197 636 1229 studio
662 1197 860 1229 deseruerat
886 1198 1045 1240 patriam,
1076 1202 1109 1230 et
1136 1209 1215 1231 cum
1241 1198 1354 1232 Roma
1384 1210 1572 1243 regressus,

215 1252 425 1284 eremiticam
456 1251 565 1283 vitam
595 1251 718 1283 ducere
747 1251 849 1284 ambo
878 1252 1120 1292 decrevissent,
1150 1253 1310 1287 Donatus
1341 1254 1510 1287 divinitus
1535 1255 1571 1288 in

215 1308 411 1350 episcopum
443 1310 495 1339 est
524 1307 663 1344 electus,
694 1306 750 1339 hic
780 1317 862 1339 vero
892 1307 935 1339 ab
962 1308 1081 1340 eodem
1109 1309 1273 1342 diaconus
1299 1310 1463 1352 primum,
1492 1320 1573 1343 mox

214 1362 474 1396 archidiaconus
492 1366 638 1401 creatus,
656 1369 773 1395 sancte
796 1362 920 1406 pieque
943 1362 1092 1395 officium
1115 1374 1218 1396 suum
1242 1365 1410 1407 implevit.
1463 1365 1573 1398 Silva-

215 1429 280 1451 nus
299 1418 430 1451 Razius
447 1419 484 1450 in
501 1417 587 1451 Vita
604 1417 664 1451 SS.
686 1417 904 1451 Thuscorum
924 1429 1002 1463 pag.
1022 1427 1161 1451 CLXIX.

264 1473 379 1506 Multa
396 1474 572 1516 praeclara
589 1484 693 1516 opera
710 1473 829 1512 edidit,
853 1479 887 1507 et
910 1475 1060 1507 maxime
1083 1475 1174 1507 inter
1191 1475 1330 1518 pietatis
1348 1482 1572 1509 monumenta

214 1530 363 1563 habetur
379 1530 629 1563 monasterium
649 1530 692 1564 ab
717 1531 793 1573 ipsa
818 1530 1008 1563 conditum.
1036 1530 1064 1563 F
1066 1541 1159 1564 rane.
1179 1530 1361 1564 Cattanius
1380 1531 1571 1570 Diacettus,

214 1587 392 1629 episcopus
411 1585 614 1624 Fesulanus,
641 1586 678 1619 in
700 1585 800 1619 Actis
826 1586 919 1619 illius
945 1587 1104 1620 ecclesiae
1129 1598 1208 1632 pag.
1235 1596 1422 1620 CXXXVII.
1454 1587 1570 1621 Placet

214 1642 305 1674 idem
335 1641 519 1674 Cattanius
548 1652 620 1674 non
649 1642 876 1680 mediocriter,
903 1643 963 1684 qui
994 1642 1031 1675 in
1060 1642 1273 1685 praefatione
1301 1644 1344 1676 ad
1371 1654 1458 1686 opus
1484 1643 1571 1677 illud

214 1697 390 1730 Andream
405 1697 497 1730 hunc
510 1697 545 1730 S.
560 1697 726 1742 Brigidae
738 1697 882 1730 fratrem
896 1703 1080 1737 asseverat,
1098 1709 1169 1732 non
1182 1699 1276 1732 illius
1291 1699 1456 1744 Brigidae
1469 1711 1569 1743 quae,

214 1758 253 1786 ut
271 1753 358 1786 libro
375 1757 539 1796 sequente
557 1754 696 1793 dicitur,
721 1753 931 1787 obdormivit
949 1764 1039 1786 anno
1063 1763 1209 1787 DXVIII.
1234 1755 1293 1788 sed
1317 1766 1405 1799 quae
1430 1755 1572 1789 Fesulas

215 1809 349 1851 appulit
374 1819 465 1842 anno
493 1817 603 1842 Dece.
627 1814 667 1843 ut
691 1809 875 1849 Baronius,
904 1813 938 1842 et
964 1809 1106 1848 Razius,
1133 1815 1238 1853 atque
1263 1812 1338 1854 ipsa
1361 1811 1507 1845 historia
1529 1813 1571 1844 de

217 1864 287 1896 vita
304 1864 398 1897 illius
415 1865 617 1908 loquuntur.
669 1864 723 1898 Ea
741 1869 940 1898 asservatur
958 1864 1032 1898 MS.
1053 1865 1185 1899 Romae
1209 1867 1251 1900 ad
1276 1866 1421 1901 Sanctae
1439 1866 1572 1901 Mariae

216 1918 372 1962 Majoris.
423 1919 570 1963 Scripsit
588 1932 669 1954 vero

357 1975 409 2008 De
428 1975 665 2010 Poenitentiae
684 1976 783 2010 Bono
1084 1977 1141 2010 lib.
1162 1985 1186 2010 1.

358 2030 412 2063 De
429 2030 678 2075 Eleemosynae
696 2032 835 2066 Effectu
1087 2033 1146 2066 lib.
1167 2043 1191 2066 1.

360 2085 416 2118 Ad
436 2085 575 2120 Fratres
593 2099 612 2120 a
630 2099 666 2120 se
683 2088 822 2121 indutos
1089 2089 1147 2122 lib.
1169 2098 1192 2121 1.

360 2141 412 2173 De
430 2141 529 2174 Actis
548 2141 677 2176 Donati
697 2144 855 2187 magistri
1085 2145 1144 2178 lib.
1165 2154 1188 2177 1.

361 2196 548 2230 Moralium
567 2197 768 2232 Dictionum
1087 2201 1146 2234 lib.
1167 2211 1191 2234 Ι.

266 2253 402 2286 Floruit
436 2252 582 2291 Fesulis,
617 2257 651 2286 et
684 2255 934 2288 monasterium
969 2256 1134 2296 condidit,
1175 2258 1431 2302 monachosque
1466 2259 1574 2291 Bene-

217 2310 363 2342 dictinos
394 2309 430 2341 in
460 2319 499 2341 eo
529 2309 720 2346 collocavit,
751 2319 841 2343 anno
871 2318 1017 2344 Deceu.
1069 2311 1111 2345 In
1137 2317 1272 2347 sanctos
1298 2315 1427 2347 relatus
1453 2314 1577 2346 colitur
