1861 2682
275 284 315 309 se
348 270 409 309 his
440 271 490 309 de
520 273 639 310 rebus
671 271 840 311 feliciter
874 272 1165 320 inchoator-um,
1196 274 1238 312 in
1272 288 1353 326 quo
1387 275 1497 313 nuda
1535 274 1613 315 cla-

273 346 409 371 rorum
443 334 651 372 Scotorum
682 334 958 386 imprimisque
992 336 1055 374 SS.
1083 336 1246 374 nomina
1273 337 1493 389 perscripta
1522 352 1615 376 con-

275 394 531 433 tinebantur:
566 409 664 447 quas
692 397 839 448 primas
869 397 998 448 operis
1026 397 1152 436 lineas
1184 398 1276 436 rudi
1307 398 1507 450 penicillo,
1543 400 1612 438 sed

276 463 322 494 ut
373 457 524 495 artifice
575 471 698 495 manu
747 459 888 497 ductas
935 459 1063 505 scires,
1111 460 1345 512 spectandas
1392 462 1612 513 proposuit,

277 532 370 556 cum
407 525 454 557 ut
493 519 703 557 doctorum
741 521 791 558 de
833 521 1019 559 universo
1065 527 1212 560 conatu
1259 523 1499 561 sententiam
1544 523 1614 561 eli-

275 586 391 626 ceret,
435 588 524 619 tum
566 588 610 619 ut
647 582 793 620 civium
832 596 997 620 suorum
1034 582 1076 620 in
1116 584 1246 635 patria
1289 585 1468 623 ornanda
1510 599 1615 636 sym-

274 641 383 680 bolas
421 649 690 694 extorqueret,
731 650 770 682 et
811 644 992 682 studium
1031 646 1276 684 accenderet.
1346 646 1459 685 Ussit
1497 647 1614 685 vehe-

273 710 440 751 menter,
468 711 509 743 et
534 705 637 743 male
662 705 807 743 habuit
833 706 909 743 ista
937 705 1290 745 lucubratiuncula
1317 708 1489 746 vicinam
1517 722 1613 760 gen-

275 772 366 812 tem,
388 780 490 818 quae
511 766 781 805 inverecunde
808 768 943 805 orbem
972 767 1112 807 alienis
1138 768 1287 820 plumis
1311 776 1452 808 ornata
1481 771 1614 808 obam-

273 828 422 874 bulare,
443 834 484 867 et
504 829 733 880 principum
754 829 1056 868 benevolentiae
1083 843 1128 868 ac
1157 829 1389 869 liberalitati
1411 832 1612 883 obrepere,

276 890 452 929 Scoticae
481 891 719 929 eruditionis
750 897 790 929 et
818 891 1042 929 sanctitatis
1071 891 1205 938 titulo,
1232 906 1314 931 non
1342 894 1610 932 erubescebat.

276 952 385 991 Hinc
404 953 622 1004 derepente
642 953 831 991 detonuit
851 954 892 991 in
914 953 1144 1005 Dempsteri
1161 960 1283 1006 caput
1297 954 1499 992 horrenda
1514 961 1614 992 tem-

273 1021 414 1066 pestas,
444 1015 662 1067 scriptique
688 1015 910 1060 inhumano
940 1021 980 1053 et
1009 1015 1243 1053 inclementi
1273 1015 1389 1066 stylo,
1419 1025 1613 1067 tanquam

274 1079 314 1115 in
336 1076 576 1128 plagiarium
595 1082 665 1114 aut
686 1076 807 1114 alieni
824 1076 941 1114 fundi
958 1076 1301 1128 depopulatorem,
1318 1077 1457 1115 famosi
1475 1077 1613 1123 libelli,

274 1138 434 1176 insulsis
464 1139 505 1176 in
535 1152 673 1176 omnes
703 1139 838 1176 Scotos
868 1138 1022 1189 probris
1049 1138 1170 1190 pleni.
1227 1139 1304 1176 Sed
1333 1139 1499 1190 impune
1530 1154 1610 1178 non

275 1199 371 1238 tulit
404 1200 552 1238 rustica
586 1213 729 1238 manus
763 1199 1015 1238 temerariam
1050 1200 1385 1251 provocationem,
1419 1215 1499 1239 non
1532 1201 1610 1239 levi

272 1262 432 1300 brachio
457 1276 479 1300 a
502 1263 744 1313 Dempstero
771 1262 971 1313 castigata,
999 1267 1039 1299 et
1065 1262 1338 1300 eruditissimo
1367 1268 1409 1300 et
1434 1263 1610 1301 mordaci

273 1331 384 1363 aceto
404 1324 602 1375 perfricta.
662 1324 884 1375 Utriusque
911 1322 1048 1368 libelli,
1075 1337 1165 1361 cum
1195 1323 1494 1375 Dempsteriani
1526 1330 1614 1362 tum

274 1387 446 1424 Hiberni
478 1386 764 1431 conviciatoris,
797 1386 845 1423 ab
881 1384 1160 1423 illustrissimis
1190 1385 1259 1436 qui
1290 1399 1439 1423 sacram
1470 1386 1613 1424 indicis

272 1448 467 1487 librorum
502 1448 854 1499 congregationem
889 1447 1151 1485 moderantur
1183 1446 1452 1485 cardinalibus
1486 1448 1611 1486 vetita

272 1510 402 1556 lectio,
423 1511 618 1562 imperato
639 1511 680 1549 in
696 1516 900 1561 posterum
918 1509 1166 1547 conviciandi
1183 1509 1366 1547 termino.
1415 1508 1509 1547 Non
1526 1510 1612 1548 des-

273 1573 447 1611 titerunt
486 1578 620 1610 tamen
660 1571 807 1610 aemuli
845 1571 958 1609 novis
996 1577 1037 1609 et
1074 1570 1267 1609 fictilibus
1311 1571 1611 1622 scriptiunculis

275 1635 559 1686 Dempsterum
589 1633 771 1679 lacerare,
801 1633 952 1671 arcanis
981 1633 1300 1671 accusationibus
1327 1646 1479 1678 vexare,
1508 1647 1612 1672 nun-

273 1710 394 1747 quam
425 1696 510 1733 ausi
546 1695 678 1747 palam
709 1695 908 1746 congredi,
942 1694 1229 1733 imbecillitatis
1259 1708 1353 1733 suae
1382 1694 1541 1740 conscii,
1571 1702 1612 1734 et

273 1771 434 1796 caussae
463 1758 592 1795 diffisi.
650 1757 924 1809 Dempsterus,
944 1762 992 1794 ut
1017 1769 1232 1807 generosus
1258 1755 1332 1802 leo,
1359 1755 1610 1795 minutorum

272 1822 441 1858 istorum
461 1819 687 1858 catulorum
708 1818 949 1870 contemptis
978 1817 1200 1864 latratibus,
1227 1817 1343 1856 silere
1370 1818 1488 1856 etiam
1518 1832 1610 1856 cum

273 1881 408 1933 aliqua
428 1882 601 1920 nominis
617 1883 775 1933 jactura
794 1879 950 1926 maluit,
971 1893 1093 1931 quam
1119 1879 1306 1918 ecclesiae
1332 1880 1471 1918 matris
1501 1894 1611 1919 sanc-

273 1944 450 1982 tionibus
488 1943 613 1981 videri
652 1957 734 1981 non
772 1941 1021 1986 auscultare3
1065 1947 1187 1993 atque
1226 1942 1324 1980 adeo
1363 1955 1528 1993 pergere
1568 1943 1610 1981 in

271 2005 526 2057 pertexenda,
567 2018 687 2056 quam
725 2006 808 2056 jam
848 2017 974 2055 paene
1008 2003 1242 2049 confecerat,
1281 2003 1344 2041 De
1383 2004 1536 2042 Sanctis
1570 2010 1611 2042 et

271 2067 537 2119 Scriptoribus
571 2066 696 2105 Scotis
731 2065 924 2111 Historia,
954 2065 1103 2103 vocatis
1134 2065 1185 2102 ad
1215 2064 1436 2103 testimonii
1471 2065 1611 2103 dictio-

272 2143 364 2167 nem
399 2130 448 2167 ab
482 2128 590 2166 omni
625 2127 878 2178 antiquitate,
911 2127 960 2165 ab
991 2127 1100 2165 omni
1132 2126 1306 2173 natione,
1339 2140 1442 2178 quae
1475 2125 1609 2164 litera-

271 2204 361 2229 rum
400 2190 644 2243 professione
682 2194 920 2234 censeretur,
964 2188 1073 2226 omni
1116 2188 1351 2240 exceptione
1392 2188 1609 2240 majoribus

270 2253 510 2298 auctoribus,
537 2252 664 2290 doctis
697 2251 825 2296 dictis,
855 2263 936 2288 non
962 2249 1196 2297 maledictis,
1226 2250 1491 2302 pugnandum
1525 2263 1608 2288 esse

271 2315 497 2353 arbitratus.
564 2314 603 2352 Si
638 2313 738 2365 quid
771 2319 907 2351 tamen
939 2312 1045 2351 inter
1081 2312 1335 2350 scribendum
1369 2309 1606 2349 incalescen-

273 2377 302 2415 ti
341 2377 553 2416 excidisset
599 2375 777 2414 acerbius
824 2380 894 2413 aut
942 2374 1190 2420 inurbanius,
1236 2373 1278 2412 id
1320 2374 1431 2424 justo
1479 2371 1606 2411 dolori
