1861 2682
913 277 956 316 iii

258 396 376 423 nemo
396 381 455 420 illi
476 394 547 433 par
567 385 654 419 erat
667 379 880 431 diligentia
895 379 937 418 in
954 378 1099 417 studiis
1117 378 1317 430 (quotidie
1334 379 1442 417 enim
1458 380 1510 417 ad
1526 394 1608 419 xxv.

258 445 400 484 saltem
419 444 537 482 horas
557 443 599 480 in
625 442 688 480 his
716 443 965 492 versabatur)
998 442 1192 479 memoria
1222 455 1314 480 vero
1345 447 1469 488 tanta,
1494 448 1542 480 ut
1569 456 1609 480 se

258 507 410 545 nescire
443 506 597 544 diceret
627 504 729 556 quid
757 510 861 542 esset
893 503 1083 549 oblivisci,
1118 503 1263 542 doctus
1299 503 1477 555 denique
1509 504 1609 542 adeo

257 569 430 613 Graecis,
452 566 661 606 Hebraicis
688 572 729 604 et
757 565 915 604 Latinis
942 565 1100 611 litteris,
1130 571 1177 604 ut
1204 565 1309 603 nihil
1336 566 1378 603 in
1406 565 1469 604 his
1495 573 1609 611 esset,

257 630 368 682 quod
388 630 462 682 ipsi
484 635 587 668 esset
607 628 871 679 incognitum.
920 627 986 666 Ex
1007 627 1116 666 illius
1136 641 1304 679 operum
1327 627 1471 674 indice,
1488 642 1609 679 quem

257 694 342 745 ipse
362 692 583 737 contexuit,
603 697 652 729 ut
672 704 756 729 rem
777 696 933 742 gratam
958 690 1108 729 faceret
1135 690 1263 728 amieo
1288 689 1450 728 cuidam
1475 690 1610 728 Bono-

258 755 398 800 niensi,
419 753 602 805 cognosci
623 752 775 805 poterit
794 752 865 804 qui
887 758 1150 804 quantusque
1176 752 1236 790 vir
1262 752 1399 798 fuerit,
1429 753 1610 804 quantis-

257 829 337 869 que
364 817 405 855 in
432 816 636 855 laboribus
661 829 701 853 se
729 815 965 854 exercuerit.
1023 814 1165 853 Nihilo
1197 820 1334 853 tamen
1360 814 1497 853 minus
1528 829 1609 853 non

256 878 387 918 multa
421 879 520 917 adeo
549 877 745 916 conficere
776 877 984 930 potuisset,
1013 877 1045 915 si
1073 891 1177 929 quae
1206 876 1355 915 litteris
1381 877 1610 922 mandabat,

258 940 423 993 politius
450 939 639 980 limasset.
697 941 756 978 Ut
782 939 971 985 moribus,
999 939 1054 978 sic
1082 939 1264 978 oratione
1291 940 1418 978 durus
1446 945 1542 986 erat,
1570 946 1611 978 et

258 1017 349 1041 cum
383 1003 551 1041 minime
584 1001 831 1054 intelligeret
862 1015 967 1053 quae
998 1002 1166 1040 resecari
1202 1006 1409 1053 oporteret
1441 1008 1531 1040 tum
1567 1002 1609 1040 in

260 1066 399 1111 verbis,
428 1071 517 1103 tum
546 1065 588 1103 in
618 1066 747 1110 rebus,
780 1065 867 1115 ejus
898 1064 1105 1102 interdum
1135 1064 1285 1116 scripta
1310 1063 1532 1115 loquacem,
1563 1070 1609 1102 ut

258 1129 389 1179 ajebat
412 1126 619 1172 Horatius,
646 1125 844 1164 delassare
870 1125 1008 1164 valent
1034 1126 1217 1164 Fabium.
1276 1126 1610 1178 Reprehenditur

258 1196 299 1228 et
320 1190 362 1227 in
382 1202 429 1228 eo
448 1189 560 1240 quod
580 1195 805 1239 temperare
820 1188 1052 1226 nescivisset
1066 1189 1191 1226 animi
1208 1195 1354 1234 motus,
1371 1194 1412 1227 et
1427 1188 1610 1240 linguam

257 1252 447 1290 adversus
468 1264 545 1296 eos,
567 1250 716 1302 quibus
736 1263 777 1288 se
793 1249 998 1288 infensum
1015 1264 1099 1288 esse
1115 1257 1188 1289 aut
1204 1256 1380 1297 noverat,
1397 1256 1468 1288 aut
1484 1251 1612 1302 suspi-

258 1315 435 1352 cabatur.
480 1311 706 1351 Simulandi
728 1311 897 1356 nescius,
917 1312 999 1350 sive
1019 1325 1154 1350 amore
1170 1313 1252 1351 sive
1268 1312 1361 1350 odio
1376 1313 1610 1364 quempiam

257 1380 579 1428 prosequeretur,
600 1379 823 1425 utrumque
843 1372 975 1425 palam
991 1374 1173 1412 faciebat.
1231 1375 1281 1412 In
1298 1375 1522 1413 exercendo
1538 1388 1610 1413 suo

258 1451 427 1476 munere
449 1437 558 1489 apud
580 1436 856 1475 Bononienses
877 1436 1211 1487 diligentissimus
1234 1436 1443 1489 judicatus
1470 1443 1540 1483 est,
1569 1444 1609 1475 et

259 1499 562 1545 nonnullorum,
582 1499 625 1537 in
646 1499 794 1551 quibus
815 1512 973 1537 summa
992 1499 1211 1538 auctoritas
1238 1505 1325 1537 erat
1351 1505 1393 1537 et
1419 1498 1610 1551 amplitu-

258 1564 322 1609 do,
349 1563 423 1601 sibi
445 1563 581 1601 studia
607 1560 847 1600 conciliavit,
905 1562 937 1599 F
941 1561 1109 1600 loruisse
1136 1562 1259 1600 etiam
1288 1561 1438 1600 dicitur
1467 1561 1611 1600 nobili-

258 1632 342 1665 tate
382 1624 687 1678 discipulorum,
729 1637 965 1676 quanquam
1004 1624 1204 1663 scribendi
1250 1623 1452 1676 elegantia
1494 1624 1609 1662 nullo

257 1689 379 1728 modo
399 1702 491 1727 cum
512 1688 559 1726 iis
580 1692 684 1726 esset
704 1687 1008 1738 comparandus,
1035 1686 1107 1738 qui
1133 1692 1253 1725 antea
1280 1686 1321 1724 in
1350 1700 1396 1725 ea
1421 1687 1505 1739 ipsa
1525 1701 1611 1726 aca-

258 1751 392 1789 demia
420 1750 680 1788 humaniores
706 1748 862 1788 litteras
887 1749 1055 1801 professi
1082 1749 1255 1788 fuerant.
1313 1749 1450 1787 Vitam
1478 1750 1611 1789 finivit

261 1827 352 1851 11011.
373 1812 618 1864 Septembris
639 1825 700 1849 an.
725 1811 840 1856 1625,
861 1811 1127 1863 sepultusque
1148 1812 1198 1850 ad
1214 1812 1251 1850 S.
1268 1811 1484 1850 Dominici.
1534 1812 1611 1850 Est

260 1876 303 1913 in
323 1875 509 1913 manibus
528 1874 743 1912 hominum
763 1873 944 1912 funebris
966 1874 1103 1920 oratio,
1124 1887 1246 1925 quam
1267 1874 1317 1912 de
1345 1873 1455 1912 illius
1481 1873 1611 1912 laudi-

261 1938 335 1975 bus
370 1936 516 1975 habuit
545 1936 716 1975 Ovidius
746 1935 1066 1982 Montalbanius,
1100 1936 1161 1974 vir
1192 1936 1299 1974 inter
1334 1936 1611 1975 Bononienses

261 1999 446 2037 doctrina
465 1998 605 2037 clarus.
657 1998 801 2037 Plures
817 1999 988 2037 extitere
1005 1998 1083 2044 alii,
1100 1998 1171 2050 qui
1188 1999 1238 2037 de
1255 1998 1365 2037 illius
1381 1999 1611 2038 eruditione

261 2067 303 2099 et
322 2061 515 2107 doctrina,
536 2067 577 2100 et
597 2061 634 2099 vi
656 2061 820 2112 ingenii,
841 2075 999 2099 summa
1025 2066 1067 2099 et
1092 2061 1195 2099 mira
1222 2075 1385 2113 prorsus
1411 2062 1613 2114 praedica-

263 2129 371 2168 runt,
391 2137 493 2174 quos
513 2137 824 2162 commemorare
844 2124 1012 2162 minime
1033 2124 1301 2162 necessarium
1321 2124 1599 2163 a1·bitran1u1·.'·

318 2185 528 2223 Hactenus
557 2185 740 2236 Angelus
767 2185 836 2224 ille
864 2186 1100 2233 Fabronius,
1129 2187 1201 2238 qui
1230 2186 1441 2225 historiam
1469 2186 1612 2225 Italiae

263 2248 480 2286 literariam
507 2246 693 2299 pluribus
719 2247 842 2293 libris,
869 2247 1069 2300 elegantia
1094 2248 1207 2287 haud
1232 2248 1388 2300 vulgari
1415 2249 1613 2301 conscrip—

262 2311 323 2356 tis,
356 2324 438 2349 non
464 2310 522 2348 ita
551 2309 709 2362 pridem
740 2309 968 2349 illustravit.
1030 2310 1158 2350 Paulo
1188 2316 1325 2350 tamen
1352 2311 1517 2350 liberius
1544 2311 1613 2349 ho-
