1861 2682
251 256 313 285 322
623 253 849 285 HISTORIA
873 252 1238 284 ECCLESIASTICA

450 351 573 384 sterus‚
602 345 739 378 Aeneas
765 343 907 388 Sylvius
932 348 1047 388 negat,
1070 344 1244 376 mirantur
1270 343 1349 375 alii:
1377 343 1483 387 vulgo
1501 342 1611 376 clakis

450 402 624 434 dicuntur.

303 458 467 492 Florebat
483 468 575 490 anno
594 464 732 489 mnxn.

611 567 645 600 S.
673 565 854 600 GILDAS
879 564 1125 604 QUARTUS.
1178 564 1259 599 601.

254 682 288 715 S.
309 681 462 715 GILDAS
480 679 646 718 Quartus,
665 679 707 711 ad
725 678 910 711 discrimen
928 676 971 710 ab
989 677 1076 716 aliis,
1103 682 1144 710 ut
1161 682 1258 720 puto,
1285 679 1497 717 nominatus,
1517 690 1613 723 egre-

254 739 347 782 giam
365 737 498 780 patriae
516 746 654 778 operam
682 734 837 772 navavit,
863 743 970 776 eoque
996 733 1136 766 nomine
1162 733 1205 766 ab
1231 733 1358 778 Anglis
1385 735 1615 779 ignominiose

253 795 432 826 laceratur.
483 791 679 835 Polydorus
705 790 877 834 Virgilius
901 789 1027 821 alicubi
1051 789 1276 832 impostorem
1302 794 1414 828 vocat,
1441 795 1475 823 et
1500 791 1614 833 plaus-

252 854 307 882 tra
325 849 557 881 convitiorum
576 847 667 890 apud
686 846 840 879 scurrilis
858 845 989 890 ingenii
1004 850 1038 877 et
1052 855 1208 878 summae
1222 846 1383 890 ignaviae
1397 845 1589 879 Lelandum
1608 857 1616 878 :

254 909 274 923 ‘⁶
292 903 579 947 splendidissimis
597 902 795 940 mendaciis,
814 901 963 934 anilibus
981 900 1118 939 fabulis,
1137 901 1337 945 prodigiosa
1355 902 1513 935 barbarie
1531 903 1613 935 hist.

254 971 333 993 eum
351 959 538 998 foedasse,'’
552 959 747 1002 impudenti
765 968 823 990 ore
841 957 959 1001 objicit
973 967 983 996 ς
1003 963 1036 990 et
1051 957 1130 990 talis
1144 967 1279 1000 semper
1293 957 1402 995 vobis,
1417 957 1537 1002 Angli,
1552 963 1615 997 est,

254 1016 411 1059 quisquis
429 1016 562 1059 patriae
585 1025 667 1048 suae
690 1015 793 1047 decus
817 1018 851 1046 et
875 1020 1117 1046 ornamentum
1144 1014 1290 1056 quaerit,
1318 1018 1352 1046 et
1377 1020 1616 1047 monstruosas

253 1076 385 1105 vestras
404 1072 552 1115 ineptias
571 1071 701 1115 ingenii
719 1070 860 1103 solertia
884 1068 1038 1108 refutat3
1066 1074 1100 1102 et
1126 1069 1322 1102 Carodocus
1349 1069 1498 1102 Camber
1523 1070 1616 1102 edito

254 1139 355 1171 opere
373 1138 452 1161 eum
471 1128 624 1160 vindicat
641 1126 706 1159 sub
724 1136 854 1159 annum
875 1134 970 1158 MCL.
1023 1125 1194 1163 Pitsaeus,
1212 1130 1246 1158 et
1265 1125 1334 1158 alii.
1387 1124 1531 1169 Scripsit
1559 1125 1615 1158 hic

254 1189 394 1217 nostras
414 1183 534 1216 Gildas

397 1239 593 1273 Historiam
613 1239 819 1271 Britanniae
1174 1237 1233 1270 lib.
1254 1247 1278 1270 1.
1331 1236 1494 1280 Polydor.

396 1295 619 1329 Breviarium
639 1295 761 1328 Gildae
1172 1293 1230 1326 lib.
1252 1302 1275 1326 Ι.

399 1351 453 1384 De
471 1351 693 1384 Mirabilibus
712 1350 917 1383 Britanniae
1173 1349 1232 1382 lib.
1253 1358 1277 1381 1.

397 1407 451 1440 De
469 1408 591 1450 primis
612 1406 879 1439 Habitatoribus
899 1404 1105 1439 Britanniae
1170 1405 1229 1438 lib.
1251 1414 1275 1437 Ι.

400 1463 454 1496 De
472 1463 568 1507 Rege
586 1463 745 1495 Arthuro
1174 1461 1233 1493 lib.
1254 1470 1277 1493 1.

398 1519 451 1552 De
470 1519 659 1562 Sepulchro
678 1519 752 1563 ejus
771 1517 949 1562 incognito
1169 1516 1229 1549 lib.
1250 1525 1274 1549 1.
1293 1523 1328 1549 et
1345 1517 1422 1550 alia.

301 1575 441 1609 Vixisse
459 1579 605 1618 putatur
622 1585 712 1607 anno
730 1575 832 1607 salut.
851 1574 1023 1606 humanae
1041 1580 1262 1605 DCCCXXIX.
1286 1573 1367 1606 licet
1383 1573 1442 1605 alii
1461 1573 1497 1605 in
1520 1573 1615 1606 aliud

255 1633 406 1666 seculum
426 1631 586 1675 rejiciant
599 1641 607 1669 ;
635 1630 693 1663 sed
710 1640 833 1672 parum
847 1630 992 1661 interest
1009 1639 1078 1671 qua
1092 1633 1204 1662 aetate
1218 1628 1356 1667 vixerit,
1370 1629 1472 1662 modo
1487 1629 1615 1662 bonum

256 1692 390 1721 constet
419 1686 526 1719 fuisse
561 1687 682 1724 civem,
715 1690 749 1718 et
782 1685 915 1728 patriae
949 1695 1031 1717 suae
1065 1689 1250 1718 amantem.
1302 1683 1506 1718 Sanctorum
1538 1686 1615 1719 albo

255 1744 438 1787 ascriptus,
457 1743 583 1775 colitur
600 1742 654 1774 die
674 1750 790 1782 xx1x.
809 1741 831 1773 J
834 1740 980 1773 anuarii.
1033 1740 1151 1773 Uvion
1169 1741 1205 1772 in
1222 1740 1391 1784 Adjunct.

725 1851 1011 1887 GOSFRIDUS.
1064 1850 1144 1885 602.

256 1973 276 1988 ‘⁶
293 1967 531 2007 GOSFRIDUS,
550 1968 605 2000 vir
622 1966 768 2000 eximiae
785 1965 974 2010 religionis,
988 1976 1069 2010 rege
1087 1964 1269 1998 Scotorum
1286 1964 1402 1998 David
1417 1969 1566 2009 petente,
1580 1971 1614 1999 et

255 2024 511 2067 archiepiscopo
529 2023 702 2056 Gulielmo
720 2026 905 2060 annuente,
927 2021 1032 2054 abbas
1056 2021 1198 2065 eligitur
1224 2022 1267 2054 ad
1293 2023 1405 2054 locum
1428 2021 1465 2054 in
1488 2021 1614 2060 Scotia,

256 2081 316 2124 qui
341 2079 584 2112 Dunfermelin
612 2076 772 2116 dicitur‚”
797 2078 847 2110 ait
872 2088 1066 2120 anonymus
1090 2077 1348 2122 WVigorniensis
1374 2077 1409 2110 in
1436 2078 1614 2110 continua—

256 2137 351 2170 tione
369 2136 411 2169 ad
430 2135 648 2168 Florentium
666 2144 745 2178 pag.
765 2141 938 2166 DCLX111.
990 2132 1136 2176 Scripsit

401 2191 596 2224 Historiam
614 2190 851 2233 Apostolicam
1111 2190 1169 2222 lib.
1191 2199 1214 2223 1.
1235 2201 1334 2233 quae,
1351 2194 1392 2223 ut
1409 2194 1504 2232 puto,
1527 2190 1613 2223 inte-

449 2247 521 2280 riit.
581 2246 746 2279 Meminit
771 2245 949 2278 Indiculus
976 2245 1191 2289 Scriptorum
1217 2245 1397 2279 Scotorum
1423 2246 1611 2289 anonymi:

451 2302 541 2337 forte
572 2302 663 2336 idem
697 2302 763 2336 erit
797 2312 894 2345 opus,
929 2302 1021 2345 quod
1055 2301 1202 2341 Abdiae,
1237 2301 1450 2345 Babyloniae
1485 2301 1612 2344 episcos
