1861 2682
621 813 1023 850 ILLUSTRISSIMO
1051 814 1181 848 VIRO

340 986 588 1041 FABIO
620 986 871 1039 SCOTO
904 985 1460 1047 PLACENTINJ),

681 1174 876 1214 MICINI
906 1173 1124 1220 COMITI,

228 1376 262 1403 Ι).
278 1374 518 1403 BASSIANUS
534 1373 676 1403 GATUS
693 1373 873 1402 PLACEN.
888 1373 1132 1402 MONACHUS
1149 1374 1530 1404 HIERONYMIANUS.
1548 1378 1580 1404 F.

229 1585 414 1623 ΤΗΟΜΑΕ
444 1584 708 1629 DEMPSTERI,
735 1583 912 1622 hominis
941 1588 1050 1622 certe
1073 1582 1148 1621 hac
1177 1589 1309 1622 aetate
1339 1584 1576 1623 admirandi.

228 1647 314 1685 Vm
334 1646 614 1693 illustrissime,
635 1646 685 1684 de
702 1646 883 1685 Historia
899 1645 1180 1685 Ecclesiastica
1200 1646 1345 1684 Gentis
1365 1647 1575 1685 Scotorum

228 1709 451 1748 dedicanda
481 1723 581 1755 TIBI,
611 1714 652 1747 et
678 1709 894 1755 offerenda,
920 1713 1101 1747 mentem
1127 1708 1251 1746 fuisse
1280 1722 1363 1747 non
1393 1709 1575 1761 ignoras;

228 1785 350 1824 quam
370 1778 517 1817 tamen,
538 1785 589 1810 ne
609 1771 660 1809 ad
679 1777 867 1823 optatum
886 1771 1127 1822 perduceret
1142 1770 1309 1817 exitum,
1325 1784 1431 1810 mors
1447 1772 1578 1810 vetuit

228 1840 494 1886 praematura,
527 1840 735 1886 typosque‚
763 1833 835 1885 qui
864 1833 945 1872 tuis
969 1833 1240 1885 properabant
1265 1833 1508 1885 sumptibus
1535 1834 1576 1872 in

229 1896 361 1934 medio
380 1910 501 1935 cursu
522 1902 583 1934 est
602 1901 810 1934 remorata.
870 1895 1040 1933 Factum
1060 1894 1327 1934 nihilominus
1354 1896 1431 1934 Dei
1458 1897 1579 1935 bene-

229 1958 329 2004 ficio,
359 1965 406 1997 ut
435 1958 591 2010 aliquot
619 1964 714 1996 ante
740 1959 883 1996 diebus
912 1971 983 2009 per
1012 1956 1149 1996 literas
1178 1958 1230 1996 ad
1258 1971 1324 1996 me
1351 1957 1577 1997 Bononiam

231 2020 418 2059 Vicentia
464 2021 588 2067 datas,
636 2021 747 2072 quod
792 2020 891 2059 haec
933 2025 1136 2058 testantur
1183 2021 1313 2066 verba,
1362 2026 1382 2043 “
1415 2020 1578 2060 interim

232 2082 455 2120 Historiam
493 2088 606 2121 tuam
645 2083 771 2134 magis
808 2096 932 2135 quam
970 2096 1101 2121 meam
1141 2082 1290 2121 arctius
1328 2088 1422 2121 tuae
1460 2097 1578 2122 curae

231 2144 479 2190 commendo,
506 2144 604 2184 haec
638 2145 747 2184 enim
783 2145 972 2197 deinceps
1006 2158 1079 2198 pro
1111 2143 1247 2184 liberis
1281 2145 1393 2192 erit,”
1427 2146 1477 2184 de
1508 2160 1580 2184 sua

230 2213 367 2246 mente
401 2220 466 2246 me
497 2207 707 2246 certiorem
741 2207 892 2254 fecerit,
925 2208 987 2245 uti
1019 2209 1103 2260 jam
1137 2208 1295 2260 saepius
1325 2207 1426 2246 mihi
1458 2214 1504 2246 tu
1539 2215 1579 2246 et

233 2268 302 2307 ille
331 2269 641 2313 commiseratis3
676 2283 725 2308 ex
754 2284 836 2322 quo
865 2270 1018 2308 nemini
1048 2270 1196 2308 mirum
1226 2270 1351 2309 videri
1382 2270 1513 2316 debet,
1547 2271 1579 2308 si

234 2333 257 2365 ἐν
281 2332 430 2377 ἀλλοτρίῳ
452 2334 531 2378 χορῷ
553 2331 632 2366 πόδα
655 2331 767 2377 τίθημι.
826 2333 957 2375 Quam
979 2332 1226 2384 provinciam
1252 2346 1299 2372 eo
1324 2332 1424 2371 mihi
1453 2331 1580 2370 liben-
