1861 2682
629 283 800 315 GENTIS
825 280 1094 317 SCOTORUM,
1121 281 1206 312 LIB.
1233 280 1274 311 II.
1592 278 1633 307 97

270 387 347 409 nam
368 377 390 410 J
393 388 423 410 0.
443 377 567 410 Daniel
585 375 719 420 Mylius
737 375 927 420 publicavit
945 375 1020 419 ejus
1038 374 1189 411 nomine,

416 432 710 476 Iatrochymicum
1235 427 1293 461 lib.
1315 436 1339 460 Ι.

412 489 464 522 De
479 489 747 532 Praeparatione
761 493 794 522 et
808 487 1065 530 Compositione
1081 485 1230 518 Medica-

458 550 654 578 mentorum
673 544 920 588 Chymicorum
938 541 1123 575 artificiosa
1233 540 1291 573 lib.
1313 548 1337 572 1.

317 601 451 634 Prodiit
468 611 559 633 anno
579 608 712 632 MDxx.
731 605 771 633 ut
788 599 982 632 existimem
1001 598 1098 630 illum
1116 596 1190 629 fato
1207 595 1378 629 functum.
1429 594 1482 627 De
1500 605 1539 628 eo
1558 594 1627 627 Ra-

264 656 363 697 phael
383 655 533 700 Eglinus
556 654 715 688 Iconius:
743 659 764 674 ‘⁶
782 654 894 693 Salve,
913 653 944 686 O
963 654 1022 686 lux
1041 652 1207 686 Scotiae.''

630 751 834 785 HECTOR
862 748 1129 784 BOETHIUS.
1183 750 1263 785 175.

265 824 433 856 HECTOR
452 823 632 862 Boethius,
650 823 763 856 Alecti
782 829 898 861 natus,
922 822 996 856 sive
1020 821 1169 854 Deidoni
1194 821 1238 853 ad
1262 820 1376 853 Taum
1401 820 1626 855 aestuarium,

263 879 503 912 Aberdonensi
522 880 716 913 academiae
734 879 961 923 praepositus,
980 882 1000 896 ‘⁶
1018 878 1073 910 vir
1090 877 1277 921 singularis
1295 877 1426 921 ingenii
1441 876 1626 913 felicitatis,

264 941 295 967 et
314 935 453 967 facundi
472 936 573 974 oris,’'
592 935 635 968 ab
653 935 804 968 Erasmo
828 935 864 967 in
888 933 1068 977 Epistolis,
1094 933 1155 975 qui
1173 933 1284 965 eidem
1303 933 1419 966 studio
1437 932 1625 965 Parisiensi

262 1002 330 1023 nna
349 990 493 1024 vacabat
510 1002 565 1024 an.
586 998 830 1024 MCCCCXCIV.
883 989 1082 1023 Alexander
1098 987 1170 1022 Leo
1188 988 1289 1031 epist.
1306 988 1348 1021 ad
1367 988 1537 1021 Scoticam
1557 988 1627 1020 No-

263 1047 430 1080 bilitatem
448 1056 455 1078 ι
475 1051 495 1065 “
512 1047 615 1080 Haud
630 1058 753 1090 parum
768 1047 912 1079 meritus
926 1046 968 1079 de
986 1045 1096 1083 nobis,
1114 1045 1224 1088 deque
1242 1050 1361 1078 nostra
1375 1044 1560 1087 republica,
1578 1044 1624 1076 H.

263 1102 464 1135 Boethius.”
527 1102 622 1136 Guil.
649 1102 846 1136 Gordonius
872 1102 971 1145 epist.
998 1101 1043 1134 ad
1068 1100 1293 1134 Academiam
1323 1100 1626 1134 Aberdonensem:

260 1162 279 1174 ·‘
301 1157 497 1190 Plurimum
517 1159 739 1201 gaudendum
759 1158 856 1191 vobis
873 1157 1045 1195 existimo,
1064 1157 1157 1200 quod
1176 1162 1313 1190 nostrae
1331 1157 1445 1202 gentis
1468 1156 1549 1189 hist.
1575 1156 1627 1188 di-

258 1213 450 1245 sertissimo
468 1214 560 1256 stylo
578 1213 725 1246 fideliter
743 1218 847 1256 atque
864 1214 999 1246 erudite
1017 1213 1221 1256 conscripta,
1244 1224 1285 1246 ex
1310 1217 1429 1246 nostra
1453 1213 1626 1245 academia

257 1268 498 1301 Aberdonensi
510 1269 662 1311 primum
675 1269 843 1311 prodierit
854 1269 891 1301 in
902 1270 1045 1302 lucem.''
1072 1268 1121 1302 Et
1132 1270 1236 1311 paulo
1248 1274 1341 1312 post:
1360 1273 1379 1287 ‘⁶
1392 1268 1560 1302 Boethius
1573 1269 1627 1301 vir

258 1325 295 1356 in
309 1324 403 1356 omni
417 1325 639 1357 scientiarum
653 1335 777 1369 genere
791 1324 947 1367 apprime
958 1324 1146 1357 eruditus.'’
1171 1325 1195 1356 J
1197 1335 1227 1357 o.
1242 1324 1421 1358 Ferrerius
1437 1324 1625 1358 pedemon-

261 1385 366 1412 tanus
389 1380 488 1422 epist.
512 1380 555 1413 ad
581 1379 750 1413 Jacobum
775 1379 962 1418 Betonum‚
988 1379 1283 1423 archiepiscopum
1310 1380 1565 1419 Glascuensem,
1592 1386 1623 1413 et

262 1437 400 1478 reginae
418 1436 599 1469 Scotorum
617 1437 660 1470 ad
677 1446 794 1481 regem
818 1435 1010 1469 Galliarum
1035 1440 1227 1469 oratorem:
1256 1440 1277 1455 ‘⁶
1296 1436 1427 1470 Hector
1445 1436 1625 1474 Boethius,

262 1493 317 1523 vir
342 1492 595 1531 ornatissimus,
618 1497 653 1526 et
676 1492 844 1536 singulari
868 1492 1026 1525 doctrina
1047 1493 1236 1535 praeditus,
1263 1494 1323 1536 qui
1350 1503 1471 1538 regum
1497 1498 1628 1525 vestro-

260 1558 337 1579 rum
362 1553 396 1580 et
420 1546 572 1581 Scoticae
594 1549 708 1593 gentis
732 1559 785 1581 res
808 1548 997 1581 clarissime
1021 1553 1208 1592 susceptas,
1233 1555 1267 1583 et
1292 1549 1480 1582 fortissime
1499 1554 1624 1594 gestas,

260 1604 445 1636 memoriae
464 1604 506 1637 ad
531 1604 768 1647 posteritatem
793 1604 947 1643 tradidit,
971 1605 1133 1648 typisque
1156 1605 1379 1639 Ascensianis
1403 1606 1500 1638 libris
1526 1614 1625 1638 xvii.

260 1660 302 1691 ad
321 1659 478 1692 calendas
497 1660 611 1693 Maias
630 1671 720 1693 anno
738 1661 841 1693 salut.
859 1660 1078 1694 Christianae
1104 1670 1282 1694 MDXXVI.
1307 1663 1466 1695 decenter
1489 1672 1627 1705 expres-

260 1715 339 1747 sit.''
376 1715 506 1749 Paulus
519 1716 541 1749 J
545 1717 655 1756 ovius,
669 1717 849 1760 episcopus
864 1715 1072 1756 Nucerinus,
1087 1718 1123 1750 in
1138 1717 1377 1761 Descriptione
1397 1718 1600 1751 Britanniae
1616 1728 1623 1749 z

262 1779 280 1788 “
300 1771 431 1804 Hector
444 1772 614 1806 Boethius
628 1772 756 1817 insigni
774 1771 946 1811 facundia,
962 1777 996 1806 et
1009 1774 1083 1816 pari
1098 1774 1279 1819 diligentia
1293 1780 1495 1817 perpetuam
1510 1775 1625 1807 Scoto-

262 1838 337 1859 rum
357 1838 478 1872 regum
497 1828 678 1862 historiam
697 1829 740 1861 ad
758 1827 780 1860 J
783 1828 928 1861 acobum
946 1830 999 1861 sui
1018 1830 1168 1862 nominis
1187 1829 1253 1862 111.
1273 1831 1442 1863 deducit.'⁷
1474 1830 1570 1863 Idem
1588 1832 1622 1863 in

260 1884 394 1916 scotiae
408 1884 665 1927 Descriptione:
682 1889 702 1903 ‘⁵
715 1884 855 1917 Boethii
871 1885 1023 1918 muneris
1038 1885 1115 1924 fuit,
1129 1886 1200 1929 qui,
1216 1886 1415 1919 curiositate
1430 1891 1464 1919 et
1478 1886 1624 1930 diiigen-

262 1940 320 1973 tia.
340 1940 466 1972 amoris
483 1941 616 1982 patriae
634 1941 849 1985 dignissima,
868 1940 955 1973 nihil
974 1941 1142 1974 intactum
1161 1948 1195 1974 et
1213 1942 1286 1974 sine
1305 1943 1416 1981 laude,
1436 1944 1488 1976 vel
1514 1944 1547 1975 in
1572 1954 1624 1975 as-

263 1995 369 2035 pretis
383 2000 487 2038 atque
500 1996 695 2038 paludibus,
711 1997 883 2039 reliquit.”
919 1996 941 2028 J
945 2008 1020 2030 oan.
1037 1997 1237 2031 Gualterius
1252 1998 1424 2031 Chronico
1438 1999 1623 2032 Chronico-

264 2061 339 2082 rum
360 2058 440 2083 tom.
460 2060 500 2084 11.
519 2063 597 2097 pag.
619 2061 831 2085 MCCLXXX.
851 2057 871 2070 “
889 2052 1018 2086 Hector
1037 2053 1204 2087 Boethius
1223 2055 1259 2087 in
1278 2055 1371 2087 omni
1387 2055 1623 2097 philosophiae

263 2112 292 2138 et
314 2107 507 2150 theologiae
525 2118 648 2151 genere
666 2108 934 2147 versatissimus,
953 2109 1138 2143 historicus
1156 2111 1348 2155 egregius-’³

311 2162 427 2194 Tanta
452 2163 561 2205 ipsius
584 2163 686 2201 fama,
712 2173 812 2196 verae
835 2164 959 2197 virtuti
982 2166 1176 2210 conjuncta,
1201 2178 1220 2200 a
1243 2168 1418 2200 nonnullis
1443 2167 1623 2200 Scotorum

262 2219 386 2250 honori
414 2217 654 2251 infensissimis
681 2219 837 2252 hostibus
863 2220 980 2253 laudes
1007 2227 1123 2255 tamen
1148 2223 1304 2261 extorsit,
1331 2223 1416 2256 alios
1443 2234 1524 2256 vero
1551 2224 1624 2255 An-

262 2274 416 2315 glicanae
441 2274 622 2317 superbiae
649 2279 752 2307 vento
777 2273 926 2314 inflatos,
954 2287 1032 2309 cum
1059 2278 1241 2312 veritatem
1272 2280 1344 2322 pati
1375 2291 1443 2313 non
1474 2286 1622 2322 possent.

262 2331 296 2361 in
317 2330 502 2363 amentiam
521 2335 553 2363 et
571 2330 701 2363 rabiem
726 2331 807 2375 egit.
860 2330 916 2363 Ex
934 2331 999 2370 his,
1023 2333 1092 2366 duo
1109 2338 1247 2368 tantum
1265 2336 1421 2378 exempla
1444 2335 1621 2367 adducam.

951 2396 973 2418 o
