1861 2682
265 277 326 308 126
638 276 863 308 HISTORIA
887 277 1253 308 ECCLESIASTICA

559 367 613 394 Ille
627 372 775 398 oratorum,
790 375 858 402 quos
873 366 965 393 Scotia
978 366 1035 393 sola
1049 366 1182 402 superbos

598 412 692 439 Mittit
706 411 741 439 ad
755 412 860 444 heroas,
876 411 993 439 ultimus
1007 411 1154 442 extiterat,

558 457 687 486 Ultimus
700 457 822 489 illorum,
837 467 905 494 quos
919 467 1018 494 magna
1033 455 1182 483 Britannia
1197 457 1276 487 fovit,

597 504 678 532 Secta
692 503 853 531 exturbavit
867 503 956 535 devia,
971 502 1082 540 praesul
1096 506 1164 529 erat.

313 592 458 635 Scripsit
475 593 596 630 multa,
615 592 751 624 erudito
768 592 840 624 otio
857 592 999 634 longum
1018 590 1161 622 exilium
1180 591 1321 629 solatus,
1340 601 1448 634 eaque
1466 591 1502 623 in
1525 590 1625 623 bibliu

265 649 385 682 otheca
402 659 465 681 sua
481 648 705 681 selectissima
722 647 863 689 reliquit
881 646 981 678 MSS.
1000 646 1148 689 posteris
1167 646 1353 690 vulganda.
1406 646 1448 679 In
1465 647 1531 684 his,

409 704 452 737 In
469 704 594 736 Libros
613 702 751 747 Regum
770 702 1029 735 Commentaria
1280 702 1339 735 lib.
1361 711 1385 735 Ι.

408 759 611 803 Deploratio
630 758 745 802 Regni
765 757 900 790 Scotiae
1279 758 1337 791 lib.
1359 768 1382 791 1.

408 814 672 848 Controversiae
690 818 812 846 contra
831 812 1002 845 Sectarios
1281 814 1340 847 lib.
1361 823 1385 846 1.

407 870 450 903 In
467 869 655 902 Decretum
673 868 833 902 Gratiani
852 868 1121 902 Observationes
1280 870 1339 902 lib.
1361 879 1384 902 1.

405 925 545 970 Adagia
562 925 696 958 Scotica
1279 926 1338 958 lib.
1360 934 1383 958 1.

311 983 410 1016 Obiit
426 981 589 1015 Lutetiae
612 992 667 1014 an.
691 982 815 1015 aetatis
838 988 1011 1013 LXXXVI.
1037 982 1139 1014 salut.
1167 991 1249 1015 vero
1274 981 1446 1015 humanae
1476 990 1623 1014 MDem.

263 1048 376 1072 XXIV.
395 1038 509 1081 April.

310 1094 450 1128 Laudat
473 1095 572 1127 illum
595 1093 747 1126 Joannes
768 1091 937 1125 Gessaeus
956 1091 1077 1125 Gallus
1104 1093 1141 1125 in
1165 1091 1306 1126 Delitiis
1334 1093 1520 1127 Poetarum
1546 1093 1626 1126 Gal-

263 1152 376 1184 lorum
394 1161 437 1184 ex
454 1150 653 1184 collectione
671 1148 818 1181 Ranutii
837 1148 944 1181 Gheri
962 1153 1051 1191 part.
1072 1157 1096 1181 1.

557 1211 682 1239 Phoenix
698 1210 788 1248 prisca
802 1215 886 1238 novat
902 1210 1019 1238 Phariae
1033 1210 1167 1238 miracula
1181 1215 1282 1242 terrae,

596 1257 688 1285 Solius
703 1257 829 1294 Aegypti
844 1266 908 1283 nam
922 1256 980 1283 loca
994 1256 1052 1283 sola
1066 1256 1140 1283 colit.

555 1304 596 1331 At
610 1308 643 1331 tu
658 1303 804 1330 Scotorum
820 1302 913 1334 decus,
928 1307 957 1329 et
970 1311 1035 1339 pars
1049 1302 1179 1333 maxima,
1194 1302 1315 1339 praesul,

593 1349 676 1376 Unus
690 1358 719 1376 es
733 1358 748 1375 e
762 1347 870 1380 multis,
886 1357 969 1384 quem
982 1347 1041 1374 loca
1055 1346 1145 1374 multa
1159 1347 1264 1375 colunt.

710 1419 823 1453 ROB.
851 1419 1044 1452 BODIUS.
1097 1421 1177 1452 218.

263 1486 477 1518 ROBERTUS
495 1485 639 1523 Bodius,
658 1484 852 1517 adolescens
871 1484 1021 1526 optimae
1045 1483 1182 1522 indolis,
1201 1483 1421 1516 Aberdoniae
1440 1484 1547 1516 bonas
1572 1495 1625 1516 ar-

263 1547 313 1574 tes
332 1541 462 1579 didicit,
481 1552 567 1584 quas
586 1551 703 1573 secum
721 1540 918 1572 Lovanium
937 1539 1099 1578 inferens,
1118 1543 1265 1571 aetatem
1285 1550 1382 1572 suam
1402 1539 1544 1572 mirifice
1570 1550 1624 1572 or-

263 1598 385 1636 navit;
410 1597 534 1629 exinde
552 1597 702 1629 Romam
720 1596 924 1634 destinatus,
944 1595 1136 1639 theologica
1159 1595 1208 1627 ita
1232 1595 1408 1634 delibavit,
1433 1600 1473 1628 ut
1497 1606 1623 1638 paucos

263 1664 362 1696 pares
377 1665 415 1686 ea
430 1657 541 1686 aetate
557 1653 702 1691 habeat3
722 1652 765 1684 ad
779 1652 862 1684 haec
877 1652 1029 1694 optimus
1043 1655 1154 1694 poeta,
1169 1651 1387 1694 antiquarius
1406 1652 1565 1696 insigniS,
1580 1655 1624 1687 et,

263 1710 355 1751 quod
374 1710 490 1742 onmia
507 1713 658 1751 superat,
678 1708 812 1750 patriae
830 1718 961 1740 amans.
1013 1706 1160 1750 Scripsit

409 1764 676 1808 Epigrammata
693 1764 785 1796 culta
1281 1762 1339 1795 lib.
1361 1772 1384 1795 Ι.

406 1820 583 1863 Epistolas
598 1821 639 1852 de
655 1819 773 1852 Rebus
788 1819 930 1852 Scoticis
946 1820 988 1852 ad
1004 1819 1176 1852 Thomam
1193 1819 1322 1861 Demp-

455 1881 587 1909 sterum
1282 1874 1340 1907 lib.
1362 1883 1385 1906 Ι.

312 1932 450 1965 Dicitur
468 1931 673 1965 Societatem
690 1931 713 1964 J
716 1942 777 1965 esu
794 1931 982 1974 ingressus.

603 2025 832 2060 JOANNES
859 2024 1152 2058 BARCLAIUS.
1205 2027 1286 2062 219.

264 2101 285 2132 J
290 2108 451 2133 oANNEs
469 2099 661 2138 Barclaius,
681 2098 859 2131 Guilielmi
878 2096 1159 2130 Ponti-Mussani
1185 2097 1388 2140 professoris
1415 2097 1516 2136 filius,
1542 2099 1625 2141 quia

265 2162 362 2199 patre
379 2155 480 2188 Scoto
498 2159 611 2193 natus,
630 2155 722 2187 inter
740 2153 860 2186 Scotos
879 2154 992 2185 locum
1011 2153 1161 2186 habebit.
1213 2153 1304 2198 Ejus
1323 2158 1405 2186 sunt
1421 2165 1428 2186 :

409 2211 552 2255 Ecloga,
571 2210 745 2253 Corydon,
1282 2209 1340 2242 lib.
1362 2218 1385 2241 Ι.

408 2267 575 2300 Poemata
1279 2265 1338 2297 lib.
1360 2274 1383 2297 1.

413 2323 563 2356 Paterna
577 2321 706 2361 Pietas,
724 2322 796 2355 sive
807 2320 973 2355 Defensio
988 2320 1113 2364 Operis
1132 2320 1260 2359 Patris,
1278 2321 1337 2354 lib.
1360 2329 1384 2352 Ι.
