1861 2682
612 252 782 284 GENTIS
807 249 1075 287 SCOTORUM,
1100 249 1186 280 LIB.
1211 248 1279 279 111.
1565 248 1625 280 195

588 399 897 433 GUILIELMUS
922 397 1158 431 CUPERUS.
1216 399 1295 429 352.

262 515 522 545 GU1L1E1,31US
536 511 703 554 Cuperus,
718 511 754 542 in
771 510 884 552 patrio
897 520 1053 542 sermone
1066 508 1245 546 facundus,
1260 508 1398 553 ingenio
1413 518 1481 540 non
1495 508 1619 550 inepto

263 569 305 599 ad
324 568 430 600 bonas
449 573 551 605 artes,
571 567 638 598 nisi
657 566 828 598 haeretica
845 565 929 597 illud
946 565 1123 598 functione
1141 564 1361 607 corrupisset,
1388 564 1455 596 vile
1479 563 1616 596 Calvini

264 624 485 666 mancipium,
515 633 552 654 os
583 621 764 659 Sathanae,
796 625 830 653 et
859 621 1042 663 impuritas
1072 621 1156 663 ipsa.
1212 619 1335 652 Edidit
1365 619 1464 652 valde
1500 620 1619 656 multa,

265 690 372 721 usque
391 679 475 711 adeo
493 683 532 711 ut
550 678 684 710 dicatur
702 677 924 719 bibliopolam
942 675 1200 709 Londinensem
1218 686 1323 718 supra
1347 675 1487 708 modum
1510 675 1621 717 operi-

269 735 331 766 bus
352 735 423 767 suis
441 735 580 767 ditasse.
632 733 689 764 Ad
708 743 762 764 ine
780 733 873 765 tituli
893 738 1136 775 pervenerunt.

411 790 542 823 Contra
560 789 751 832 Episcopos
897 788 956 820 lib.
977 797 1000 820 Ι.
1020 788 1062 820 In
1079 799 1148 831 quo
1166 788 1331 820 ridiculus
1349 787 1436 819 fuit:
1467 788 1550 820 dum
1568 791 1620 818 to-

458 846 522 878 ties
552 856 634 877 voce
672 845 761 876 clara
796 844 871 876 illos
906 844 1126 888 exagitasset,
1162 843 1296 876 veredis
1331 843 1477 875 subinde
1510 847 1621 875 muta-

458 903 502 934 tis
537 902 573 933 in
607 901 721 933 aulam
755 899 955 932 Londinum
995 899 1180 942 profectus,
1219 899 1454 942 episcopatum
1488 910 1508 931 a
1541 909 1621 943 rege

458 957 668 990 mendicavit
694 955 995 993 Gallovidiensem‚
1022 959 1056 987 et
1081 955 1255 988 obtinuit:
1286 958 1385 987 tanta
1412 955 1448 986 in
1476 965 1515 987 eo
1543 965 1623 987 con-

458 1013 586 1046 stantia
607 1013 611 1043 ἔ

412 1069 559 1102 Collatio
590 1078 667 1101 cum
698 1067 877 1100 Catholico
911 1067 1080 1105 Romano,
1115 1067 1231 1100 triduo
1261 1067 1381 1099 habita
1409 1077 1514 1109 super
1547 1077 1625 1099 con-

461 1124 624 1156 troversis
644 1123 743 1155 Fidei
761 1122 932 1155 Articulis
1222 1123 1280 1155 lib.
1302 1131 1325 1154 1.
1346 1122 1408 1155 Ille
1426 1122 1625 1155 Catholicus

461 1179 614 1211 Thomas
656 1178 883 1220 Dempsterus
925 1178 1003 1218 fuit,
1048 1180 1107 1222 qui
1149 1180 1185 1211 in
1225 1179 1260 1210 id
1298 1183 1470 1211 certamen
1505 1178 1625 1211 Perthi

462 1235 583 1267 fraude
609 1234 754 1266 Clunaei
781 1233 973 1267 Crichtonii
999 1239 1204 1277 pertractus,
1235 1235 1319 1267 dum
1349 1234 1437 1266 forte
1465 1234 1543 1266 illac
1568 1245 1627 1277 pa-

460 1295 573 1323 rentes
608 1290 786 1322 invisurus
819 1290 1062 1322 contenderet:
1105 1291 1218 1322 exitus
1261 1290 1338 1328 fuit,
1381 1294 1421 1322 ut
1463 1291 1529 1328 ille,
1567 1301 1629 1323 nec

461 1346 610 1379 Graecae
644 1345 783 1389 linguae
822 1355 883 1377 nec
916 1345 1154 1388 philosophiae
1188 1346 1331 1388 peritus,
1374 1345 1473 1378 facile
1514 1346 1628 1379 riden-

461 1403 526 1435 dus
552 1401 595 1434 ab
620 1401 801 1434 haereticis
827 1400 911 1443 ipsis
937 1401 1178 1434 exsibilaretur
1204 1406 1369 1443 tanquam
1398 1411 1520 1434 causae
1547 1413 1629 1434 suae

462 1458 727 1500 praevaricator,
762 1461 796 1490 et
830 1457 975 1489 exitium
1010 1468 1030 1489 a
1064 1457 1197 1501 legibus
1236 1457 1335 1501 regni
1377 1462 1517 1496 crearet,
1561 1458 1627 1490 nisi

467 1513 559 1547 Baro
589 1513 811 1556 Oliphantus,
841 1511 1104 1552 Ennernettffls,
1131 1517 1165 1546 et
1192 1513 1325 1546 Stuarti
1353 1512 1527 1552 Atholiae,
1554 1514 1628 1557 ejus

464 1569 591 1608 affines,
630 1569 862 1611 eripuissent3
899 1569 958 1601 sed
995 1575 1114 1612 postea
1155 1570 1287 1612 pudore
1330 1569 1493 1608 suffusus,
1536 1571 1628 1613 quod

466 1636 544 1658 cum
581 1625 840 1669 jurisconsulto,
883 1635 953 1656 non
996 1625 1167 1670 theologo,
1207 1626 1272 1658 sibi
1307 1636 1360 1657 res
1395 1624 1528 1664 fuisset,
1571 1637 1629 1658 no-

465 1692 544 1714 men
578 1681 671 1713 illius
700 1681 738 1712 in
765 1692 866 1723 opere
896 1680 988 1713 edito
1017 1682 1194 1723 publicare
1224 1681 1373 1718 erubuit,
1405 1685 1438 1713 et
1469 1681 1630 1725 malignis

464 1737 587 1770 deinde
621 1737 712 1779 apud
750 1747 865 1781 regem
909 1737 1217 1775 criminationibus,
1260 1742 1299 1769 ut
1341 1737 1466 1779 potuit,
1511 1748 1631 1769 nocere

466 1794 612 1826 studuit.

325 1851 442 1883 Audio
469 1850 609 1882 ineunte
636 1849 699 1882 hoc
728 1849 804 1891 ipso
834 1859 924 1881 anno
952 1856 1110 1881 MDexx.
1142 1849 1235 1881 domi
1263 1849 1457 1885 excessisse,
1488 1849 1632 1890 pseudo-

278 1907 455 1948 episcopus
481 1905 695 1938 Gallovidiae
721 1908 866 1942 creatus,
893 1915 971 1937 cum
994 1905 1055 1937 diu
1077 1910 1198 1937 contra
1224 1905 1462 1947 episcoporum
1492 1915 1629 1938 causam

278 1974 313 1993 se
331 1961 549 1993 exercuisset.

654 2071 802 2104 ALEX.
830 2070 1117 2105 COCHRANE.
1171 2074 1253 2106 353.

282 2184 547 2216 ALEXANDER
595 2183 782 2221 Coclirane,
830 2184 948 2216 doctor
993 2184 1186 2228 theologus,
1233 2184 1382 2227 episcopi
1423 2184 1634 2216 Brechinen-

281 2241 326 2271 sis
387 2239 536 2272 vicarius
602 2239 645 2271 ad
708 2239 889 2271 concilium
951 2238 1214 2273 constantiense
1275 2239 1459 2282 profectus,
1521 2240 1633 2272 nomi-
