1861 2682
935 306 956 330 V

265 397 435 436 salutem
465 409 509 435 ac
539 396 663 434 vitam
696 395 737 434 in
769 394 953 434 beneficii
984 394 1218 446 gratiaeque
1253 393 1340 432 loco
1373 394 1609 446 deposcere:

265 472 344 511 qua
378 459 603 510 impetrata,
635 456 901 496 nihilominus
931 457 1091 495 obtorta
1122 455 1218 508 gula
1248 456 1403 508 abrepti
1438 462 1535 494 sunt
1569 456 1610 493 in

264 521 408 559 turrim
429 520 734 573 campanariam,
761 519 898 571 ibique
924 518 1162 571 aliquandiu
1190 519 1232 557 in
1259 518 1431 557 vinculis
1456 518 1608 561 habiti;

262 583 332 622 sed
352 596 401 622 ex
421 583 469 621 iis
490 583 655 622 tandem
676 582 865 634 exempti,
886 582 936 619 de
958 581 1132 619 hominis
1153 581 1236 618 vita
1255 586 1297 619 et
1315 581 1506 626 moribus,
1536 586 1613 618 tes-

262 651 321 683 tes
342 645 506 684 idoneos
527 644 842 696 interrogandos,
863 656 1086 694 eorumque
1106 642 1215 681 dicta
1235 642 1276 680 in
1295 641 1476 694 publicas
1496 643 1612 680 tabu-

261 706 320 746 las
341 707 551 746 referenda
570 712 777 746 curarunt.
835 706 967 748 Quam
988 710 1169 743 exortam
1190 704 1233 743 in
1259 718 1300 743 se
1327 710 1611 757 tempestatem

262 775 308 808 ut
329 769 510 816 evitaret,
532 770 573 808 in
595 768 796 821 Angliam,
816 774 1012 820 tanquam
1033 767 1074 805 in
1095 773 1271 819 portum,
1287 767 1482 819 confugit.
1530 767 1609 805 Ubi

263 845 343 870 non
370 832 492 870 modo
519 837 657 870 tutum
684 832 733 869 ab
757 830 1067 870 insectatoribus
1092 830 1174 868 suis
1201 829 1443 881 perfugium,
1471 843 1610 867 verum

261 894 383 932 etiam
415 894 628 933 mulierem
660 899 802 932 nactus
837 898 907 938 est,
938 893 1066 931 forma
1096 898 1137 930 et
1167 891 1287 930 vultu
1317 892 1417 930 adeo
1444 891 1611 931 liberali.

260 956 359 995 adeo
387 962 569 1003 venusto,
593 961 641 994 ut
668 955 772 994 nihil
799 969 929 1008 supra,
957 968 1080 1007 quam
1107 955 1149 992 in
1178 955 1316 993 uxoris
1343 954 1489 993 habuit
1512 953 1611 993 loco.

261 1019 374 1060 Quae
394 1018 551 1065 mulier,
572 1032 675 1064 cum,
696 1017 786 1057 luce
806 1018 994 1070 quadam,
1026 1016 1199 1063 Parisiis,
1230 1030 1312 1068 quo
1337 1029 1476 1055 rursus
1504 1016 1613 1054 Tho-

260 1094 344 1119 mas
375 1095 467 1120 cum
500 1095 545 1120 ea
576 1094 617 1119 se
648 1086 862 1132 receperat,
898 1085 1111 1131 conspecta
1142 1085 1255 1125 esset,
1288 1084 1330 1118 et
1361 1079 1458 1131 quia
1485 1079 1614 1117 forma

261 1144 499 1194 praestabat,
520 1148 568 1181 ut
587 1142 777 1188 diximus,
809 1149 849 1181 et
877 1142 973 1194 quia
999 1141 1144 1180 habitu
1171 1148 1257 1180 erat
1284 1141 1612 1183 dementissimm

260 1218 352 1242 nam
380 1211 421 1243 et
446 1210 589 1256 pectus
615 1210 657 1242 et
683 1204 875 1256 scapulas,
903 1204 995 1243 nive
1022 1204 1107 1256 ipsa
1133 1204 1400 1250 candidiores,
1428 1204 1611 1242 omnium

259 1266 384 1305 oculis
411 1266 611 1318 expositas
638 1265 836 1310 habebat3
867 1272 1016 1312 tantus,
1046 1267 1202 1305 visendi
1230 1267 1370 1319 gratia,
1396 1267 1610 1305 hominum

258 1342 476 1367 concursus
507 1328 638 1366 factus
667 1334 737 1374 est,
764 1334 811 1366 ut
839 1328 916 1366 nisi
947 1342 988 1367 se
1017 1329 1060 1366 in
1091 1329 1259 1367 domum
1288 1330 1499 1381 cujusdam
1530 1343 1614 1368 una

258 1404 350 1429 cum
378 1391 464 1430 viro
491 1390 715 1442 recepisset,
747 1390 852 1428 nihil
884 1391 1049 1443 propius
1080 1390 1234 1428 factum
1268 1396 1381 1436 esset,
1413 1405 1535 1443 quam
1565 1398 1611 1430 ut

259 1454 376 1492 ambo
396 1467 419 1491 a
438 1452 707 1492 multitudine
728 1453 1066 1505 opprimerentur.
1124 1453 1280 1492 Verum
1309 1452 1458 1492 mulier
1484 1454 1613 1492 omni-

259 1529 322 1561 no,
353 1521 400 1554 ut
426 1515 587 1561 dicitur,
613 1514 720 1553 mala
748 1529 863 1554 merx
888 1521 972 1559 est;
1003 1530 1086 1554 non
1118 1516 1226 1555 enim
1257 1522 1391 1568 potest
1418 1516 1476 1555 ita
1505 1523 1613 1555 arcte

260 1579 442 1630 subjecta
473 1578 666 1616 custodiis
698 1578 885 1616 omnibus
915 1578 1066 1625 haberi,
1099 1579 1201 1630 quin
1232 1579 1468 1617 custodibus
1492 1580 1612 1617 verba

259 1640 338 1686 det,
359 1646 482 1692 atque
501 1640 553 1679 ad
572 1639 707 1679 hostes
737 1646 829 1679 tuto
854 1641 1108 1693 transfugiat.
1167 1640 1273 1679 Nam
1300 1641 1412 1687 Pisis,
1440 1641 1509 1679 ubi
1534 1641 1612 1681 ele-

259 1703 511 1755 gantissimas
545 1702 682 1742 literas
716 1717 797 1741 non
838 1703 953 1742 tenui
994 1703 1198 1756 stipendio
1235 1704 1416 1749 docebat,
1455 1704 1553 1742 dum
1590 1720 1611 1742 e

258 1765 466 1817 gymnasio
486 1765 704 1804 revertitur
723 1765 902 1811 domum,
923 1766 1177 1805 introductos
1196 1765 1344 1811 hostes,
1365 1780 1496 1804 arcem
1522 1781 1611 1818 cap-

258 1834 353 1873 tam,
374 1841 418 1866 ac
438 1826 652 1866 mulierem
672 1828 722 1865 ab
743 1841 783 1866 se
803 1828 1032 1874 abductam,
1054 1827 1346 1880 discipulorum
1368 1843 1532 1867 suorum
1551 1829 1611 1867 in-

260 1889 380 1936 sidiis,
400 1890 574 1942 reperit3
604 1903 725 1942 quam
747 1888 816 1928 ille
832 1891 1044 1942 jacturam,
1065 1891 1170 1929 sicut
1190 1890 1287 1929 olim
1317 1891 1374 1929 rei
1402 1890 1611 1929 familiaris

259 1952 464 1998 damnum,
485 1952 728 2004 aequissimo
748 1953 884 1991 animo
905 1952 1013 1991 tulit.
1070 1953 1249 1999 Etenim,
1270 1952 1504 1992 Catholicae
1520 1953 1611 1992 reli-

261 2014 391 2065 gionis
411 2028 539 2060 causa,
560 2021 608 2052 ut
628 2015 755 2067 ajunt,
776 2015 951 2054 fortunis
973 2015 1170 2060 omnibus,
1200 2029 1304 2067 quae
1332 2016 1427 2054 satis
1454 2015 1610 2068 amplae

260 2081 386 2121 erant,
407 2090 577 2122 eversus,
597 2076 801 2128 domoque
820 2077 1025 2129 profugus,
1047 2077 1256 2116 Lutetiam
1279 2077 1523 2116 Parisiorum
1545 2091 1609 2116 ve-

261 2137 333 2182 nit,
356 2137 501 2189 ibique,
522 2152 656 2177 rerum
678 2140 862 2177 omnium
883 2139 1175 2191 egentissimus,
1204 2140 1387 2191 quamvis
1417 2154 1458 2178 se
1482 2139 1606 2177 nobili

258 2213 405 2251 genere
425 2207 560 2239 ortum
580 2201 839 2253 praedicaret,
861 2216 956 2246 rem,
977 2208 1018 2240 et
1037 2201 1170 2240 multo
1191 2202 1317 2253 magis
1337 2201 1516 2254 gloriam,
1533 2201 1607 2239 hu-

256 2262 502 2301 manioribus
532 2262 753 2315 disciplinis
780 2265 989 2316 juventuti
1026 2264 1244 2310 tradendis,
1275 2264 1454 2304 invenit:
1485 2278 1605 2316 quam

260 2323 318 2363 illi
339 2324 508 2377 gloriam
529 2324 746 2378 multiplex
767 2340 902 2365 rerum
924 2327 1101 2373 scientia,
1118 2327 1348 2366 reconditae
1364 2327 1605 2378 exquisitae-
