1861 2682
585 234 756 266 GENTIS
781 232 1052 270 SCOTORUM,
1076 232 1163 264 LIB.
1189 233 1246 264 lv,
1539 235 1599 262 225

654 382 688 416 S.
716 381 1042 415 DESIGNATUS.
1094 383 1175 414 414.

239 497 273 530 S.
293 496 564 534 DESIGNATUS,
583 494 674 528 filius
692 496 788 528 ducis
805 494 965 528 Dalensis
985 505 1027 527 ex
1045 494 1115 526 filia
1132 493 1224 538 regis
1248 492 1392 532 Scenae,
1417 494 1595 536 episcopus

241 552 473 596 Trajectensis
502 560 590 584 xl11.
637 551 724 584 Ant.
752 551 990 585 Monehiacen.
1012 550 1220 583 Demochar.
1245 550 1307 583 lib.
1336 557 1377 582 11.
1405 550 1446 581 de
1473 549 1593 582 Sacris.

242 609 371 642 Missae
389 619 462 651 cap.
483 616 613 640 XXXV.
663 607 810 651 Scripsit

382 664 441 696 Ad
458 663 650 697 Ecclesiam
668 674 767 696 suam
1107 663 1165 696 lib.
1186 671 1209 695 Ι.

284 720 409 753 Sedere
426 721 538 764 coepit
555 731 646 753 anno
665 728 781 752 DV111.
800 720 886 754 obiit
904 730 995 753 anno
1014 727 1097 752 DXI.

480 887 873 921 DUNFERMELINI
900 886 1212 920 CHRONICUM.
1264 889 1343 919 415.

235 1001 663 1033 DUNFERMELINENSIS
699 999 852 1032 coenobii
887 999 992 1032 codex
1026 999 1095 1032 fuit
1129 999 1397 1037 vetustissimus,
1428 1004 1462 1032 et
1492 1005 1592 1033 notae

235 1057 396 1099 optimae,
420 1056 480 1088 sed
505 1066 679 1098 anonymo
703 1060 864 1095 auctore3
890 1060 986 1098 puto,
1011 1066 1031 1088 a
1054 1055 1174 1088 multis
1200 1055 1377 1088 monachis
1404 1057 1593 1088 successive

235 1113 395 1154 scriptus,
416 1116 456 1144 ut
474 1123 513 1144 eo
531 1113 645 1144 seculo
663 1112 843 1144 usitatum.
896 1111 930 1144 Is
954 1116 1074 1154 postea
1096 1111 1245 1144 donatus
1267 1113 1476 1145 monasterio
1500 1112 1592 1145 Neu-

234 1168 336 1200 botle.
377 1167 412 1199 N
414 1178 459 1199 on
473 1167 556 1205 vidi,
571 1168 630 1200 sed
645 1167 843 1200 Richardus
861 1167 1004 1200 Brunus
1023 1168 1059 1199 in
1077 1167 1336 1200 collectionibus
1354 1168 1426 1201 suis
1444 1168 1594 1201 Ecclesi-

233 1224 359 1256 asticae
378 1223 556 1256 Historiae
574 1222 756 1256 Scotorum
774 1233 874 1266 saepe
894 1223 1063 1256 meminit.
1115 1222 1282 1268 Elogium
1300 1225 1330 1257 ei
1352 1230 1435 1262 erat,

375 1279 486 1312 Vetus
504 1278 700 1311 Chronicon
718 1277 973 1311 Dunfermelini
1104 1279 1164 1312 lib.
1184 1288 1208 1312 Ι.

282 1335 511 1369 perveniebat
529 1334 570 1367 ad
589 1345 720 1367 annum
739 1342 940 1367 MCCCCLX.

505 1445 755 1480 JOSEPHUS
780 1445 1183 1479 DUNDRANENSIS.
1236 1448 1317 1481 416.

234 1559 432 1592 JOSEPHUS
456 1558 733 1597 Dundranensis,
755 1558 897 1592 celebris
920 1558 1134 1592 Dundranae
1160 1562 1361 1594 monasterii
1386 1563 1423 1594 in
1441 1561 1594 1595 Gallovi-

232 1616 299 1653 dia,
323 1615 417 1658 quod
441 1614 632 1658 Fergusius
655 1625 768 1647 comes
792 1614 966 1654 fundarat,
995 1617 1168 1655 alumnus,
1195 1616 1434 1651 Cisterciensis
1462 1619 1592 1651 ordinis·

233 1671 433 1709 monachus,
451 1681 490 1703 ac
506 1674 627 1713 postea
644 1671 751 1713 prior.
802 1670 949 1713 Scripsit

375 1727 428 1760 De
446 1726 642 1759 illustribus
661 1726 804 1759 Ordinis
823 1727 877 1760 sui
895 1725 992 1760 Viris
1102 1729 1161 1762 lib.
1182 1738 1205 1761 1.

375 1783 429 1816 De
446 1782 655 1826 quibusdam
674 1782 809 1816 Sanctis
1102 1784 1161 1817 lib.
1183 1793 1206 1817 Ι.

377 1839 558 1872 Sermones
576 1849 637 1881 per
653 1849 784 1871 annum
1100 1841 1159 1874 lib.
1181 1850 1204 1873 Ι.

374 1894 541 1928 Lecturas
558 1895 596 1927 in
613 1894 809 1939 Evangelia
1101 1897 1159 1930 lib.
1181 1906 1204 1929 Ι.

280 1950 443 1984 Florebat
459 1962 550 1983 anno
571 1959 736 1984 MCCXCI.

500 2061 765 2095 PATRICIUS
790 2062 1186 2098 DRYBURGENSIS.
1240 2068 1319 2102 417.

233 2175 450 2207 PATRICIUS
496 2173 768 2218 Dryburgensis,
811 2175 999 2209 monachus
1041 2177 1290 2211 Benedictinus
1335 2180 1590 2214 reformationis

232 2230 597 2268 Praemonstratensis,
656 2229 894 2273 philosophus,
955 2232 1148 2278 theologus,
1209 2240 1335 2274 orator,
1397 2248 1434 2269 ac
1489 2243 1588 2279 poeta

231 2298 314 2320 aevo
348 2297 411 2320 suo
444 2286 603 2325 eximius,
638 2286 730 2329 apud
764 2291 936 2321 nostrates
969 2287 1114 2322 florebat
1147 2290 1229 2323 dum
1274 2294 1445 2334 tyrannici
1490 2294 1587 2336 spiri-
