1861 2682
246 275 286 306 76
619 275 843 308 HISTORIA
866 272 1227 305 ECCLESIASTICA

691 420 726 454 S.
752 419 1026 454 BERECTUS.
1078 421 1158 452 132.

252 540 272 554 ‘⁶
289 534 324 568 S.
343 534 569 573 BERECTUS‚
586 532 775 566 monachus
793 533 830 565 in
846 531 971 570 Scotia‚
990 535 1024 564 et
1041 529 1226 569 confessor,
1241 530 1301 573 qui
1315 529 1447 574 profuit
1460 535 1494 564 et
1510 530 1603 564 vitae

251 590 485 623 sanctissimae
503 590 670 631 exemplo,
691 592 724 621 et
741 587 1024 631 praedicatione,’'
1048 585 1098 618 ait
1123 585 1301 619 Arnoldus
1325 585 1442 619 Uvion
1464 585 1522 619 lib.
1544 594 1602 618 111.

251 646 354 690 Ligu.
372 645 445 679 Vit.
465 656 544 689 pag.
564 653 646 677 LIX.
665 648 699 676 et
717 644 835 676 eadem
856 642 982 675 Petrus
1000 641 1198 674 Galesinius
1215 641 1252 674 in
1269 652 1332 675 suo
1351 641 1603 685 Martyrologio

251 701 306 735 die
324 709 438 734 XXIV.
458 700 640 733 Februarii
660 710 702 732 ex
720 698 951 741 Martyrolog.
971 696 1072 730 MSS.
1124 696 1272 740 Scripsit

398 755 570 788 Homilias
589 756 625 787 in
643 765 773 787 sacram
792 753 1008 796 Scripturam
1164 752 1225 785 lib.
1244 760 1270 785 Ι.

299 812 377 851 Quo
402 812 515 844 seculo
541 809 707 849 floruerit,
731 820 809 842 cum
832 809 883 842 illi
909 818 981 842 non
1001 806 1231 851 prodiderint,
1254 807 1411 841 divinare
1434 818 1503 841 non
1534 818 1607 850 pos-

251 878 338 902 sum.

669 962 704 996 S.
731 958 1057 995 BERTHAMUS.
1110 961 1190 993 133.

253 1036 287 1068 S.
319 1034 576 1068 BERTHAMUS
607 1034 799 1077 episcopus,
831 1033 891 1066 sed
920 1031 1019 1076 cujus
1049 1030 1207 1064 ecclesiae
1233 1030 1427 1068 incertum3
1466 1034 1610 1072 putatur

252 1091 437 1124 Orcadum.
487 1090 633 1133 Scripsit

395 1146 455 1179 Ad
472 1145 645 1178 Ecclesias
664 1143 816 1177 Scoticas
1170 1141 1229 1175 lib.
1249 1150 1274 1174 1.

396 1201 440 1235 In
457 1200 693 1245 Evangelium
710 1199 732 1232 J
735 1199 855 1233 oannis
1167 1197 1227 1230 lib.
1247 1205 1271 1229 1.

398 1256 490 1290 Acta
506 1256 724 1299 quorundam
742 1254 947 1288 Sanctorum
1169 1252 1229 1285 lib.
1249 1261 1274 1285 1.

397 1311 451 1345 De
468 1320 538 1345 vn.
556 1310 731 1344 Ecclesiae
748 1309 977 1342 Sacramentis
1170 1307 1229 1340 lib.
1249 1315 1274 1339 1.

399 1367 596 1401 Chronicon
615 1366 718 1398 breve
1169 1361 1230 1395 lib.
1249 1370 1273 1394 1.

304 1424 442 1458 Floruit
459 1432 549 1456 anno
567 1429 820 1454 DCCCXXXIX.
864 1419 1010 1458 Colitur,
1027 1417 1156 1461 ubique
1173 1418 1272 1463 regni
1290 1415 1427 1461 templis
1445 1422 1479 1450 et
1496 1419 1565 1451 aris
1582 1420 1611 1451 ei

258 1479 389 1518 erectis,
407 1479 461 1512 die
478 1486 532 1511 Ἦ.
549 1476 664 1521 April.
714 1475 936 1509 Breviarium
953 1475 1137 1510 Scoticum.

679 1587 715 1622 S.
740 1586 1058 1621 BRANDANUS.
1110 1588 1190 1619 134.

260 1702 294 1734 S.
320 1701 575 1735 BRANDANUS.
600 1700 717 1739 abbas,
744 1699 832 1733 alius
859 1699 902 1732 ab
926 1699 1100 1732 Orcadum
1127 1697 1292 1741 apostolo,
1322 1702 1358 1730 et
1386 1697 1506 1731 multis
1535 1702 1611 1740 post

259 1758 358 1791 illum
375 1757 499 1790 seculis
516 1756 610 1789 domi
628 1755 812 1789 sanctitate
830 1755 1045 1797 conspicuus,
1064 1753 1201 1797 scripsit

404 1812 582 1850 Quaedam
601 1811 790 1853 Praecepta
806 1811 849 1843 ad
867 1809 1008 1843 Fratres
1169 1809 1229 1842 lib.
1248 1817 1273 1842 Ι.

307 1867 442 1901 Claruit
459 1878 550 1900 anno
570 1875 716 1900 MLXVI.
734 1866 808 1910 regi
825 1866 1010 1899 Malcolmo
1028 1864 1075 1898 ΙΙ.
1093 1875 1204 1898 carus.
1256 1863 1404 1904 Colitur,
1422 1865 1561 1907 templis
1579 1870 1613 1897 et

259 1925 327 1958 aris
345 1922 467 1957 dicatis
484 1922 612 1967 ubique
630 1921 741 1966 regni,
764 1921 819 1954 die
837 1929 920 1954 XVI.
938 1920 1036 1954 Maii.
1065 1919 1225 1954 Breviar.
1248 1919 1339 1954 Scot.
1363 1919 1454 1953 Acta
1476 1920 1614 1954 interci-

260 1980 395 2013 derunt.

738 2070 773 2104 S.
800 2069 1008 2104 BARRUS.
1061 2072 1140 2104 135.

263 2146 299 2179 S.
314 2144 486 2182 BARRUS,
501 2143 575 2176 sive
590 2143 805 2181 Fimbarrus‚
821 2143 999 2186 episcopus
1012 2142 1247 2182 Cathenesiae,
1261 2143 1335 2188 regi
1347 2142 1533 2177 Malcolmo
1547 2142 1613 2176 111.

264 2200 445 2235 sanctitate
462 2199 554 2232 vitae
573 2203 742 2241 acceptus,
759 2198 812 2231 uti
830 2198 866 2231 in
884 2198 959 2243 ejus
976 2198 1060 2233 Vita
1077 2198 1257 2243 Turgotus
1275 2199 1408 2239 retulit,
1424 2199 1562 2242 scripsit

405 2255 584 2298 Synodum
602 2253 774 2287 Ecclesiae
792 2264 873 2288 suae
1174 2254 1234 2287 lib.
1254 2262 1279 2287 1.

407 2309 582 2354 Epistolas
600 2310 643 2344 ad
660 2309 774 2343 varios
1174 2309 1234 2343 lib.
1254 2317 1279 2343 1.
