1861 2682
605 234 776 266 GENTIS
800 234 1070 272 SCOTORUM,
1095 235 1183 266 LIB.
1207 236 1263 266 IV.
1559 239 1620 267 205

677 382 711 415 S.
739 382 1046 416 DISYBODIUS.
1099 386 1179 420 373.

252 494 285 527 S.
314 493 529 527 DIsYBODII
556 495 674 527 laudes
704 495 796 538 apud
821 494 991 529 Joannem
1017 496 1202 529 Leslaeum
1227 497 1286 530 lib.
1316 505 1368 529 Iv.
1398 497 1492 531 Hist.
1521 497 1611 531 Scot.

250 561 329 594 pag.
349 558 456 582 CLXI.
477 555 497 569 “
518 550 593 582 Hoc
611 555 765 593 tempore
783 550 898 584 Scotia
916 553 1044 585 multos
1062 553 1238 586 doctrinae
1257 553 1479 587 abstrusioris
1498 554 1615 599 cogni-

250 606 354 644 tione,
373 610 407 638 et
425 606 607 639 sanctioris
626 607 717 639 vitae
735 607 836 639 laude
853 608 1069 652 perinsignes
1089 609 1250 642 ecclesiae
1275 610 1420 652 peperit,
1447 621 1465 643 e
1486 611 1612 653 quibus

252 660 292 694 Β.
324 661 363 694 P.
395 661 610 700 Disibodius,
641 662 841 706 episcopatu
871 663 1038 702 abdicato,
1070 675 1149 697 cum
1176 665 1350 708 plerisque
1377 666 1414 698 in
1440 667 1611 711 evangelii

247 717 462 750 diffundendi
481 718 679 750 societatem
697 719 815 751 accitis
833 720 870 752 in
888 719 1108 753 Alemaniam
1126 731 1162 753 se
1180 721 1329 765 trajecit,
1348 723 1557 765 tandemque
1575 723 1611 755 in

246 773 412 807 Fuldensi
431 775 650 813 monasterio,
670 775 748 807 sede
766 775 810 807 ad
826 775 999 818 reliquum
1018 777 1111 810 vitae
1128 777 1340 810 curriculum
1357 778 1413 821 pie
1432 778 1611 812 conficien-

245 830 328 862 dum
348 831 522 868 collocata,
542 831 725 864 sanctitate
749 837 783 864 et
808 832 977 875 singulari
1000 833 1151 875 quadam
1173 823 1347 876 probitate
1373 839 1425 867 est
1450 845 1610 868 consecu-

244 891 312 924 tus,
330 892 370 919 ut
387 886 534 919 honores
551 887 602 918 illi
620 897 705 929 pene
723 888 833 919 divini
851 898 871 919 a
888 889 1016 930 populo
1034 888 1275 922 haberentur.”
1322 889 1469 924 Arnold.
1490 891 1607 925 Uvion

244 941 302 974 lib.
324 951 364 974 11.
384 941 462 986 Lig.
481 941 554 974 Vit.
583 953 655 985 cap.
682 951 795 975 LVIII.
823 947 843 961 “
861 942 997 980 Quietis
1020 955 1146 984 amore,
1174 946 1307 987 patriae
1334 951 1368 979 et
1394 948 1607 990 episcopatui

245 998 447 1036 valedicens,
475 998 510 1030 in
528 998 750 1031 Germaniam
769 1010 805 1032 se
827 1001 1018 1039 transtulit,
1047 1001 1107 1033 ubi
1130 1001 1309 1035 aedificato
1333 1004 1544 1036 monasterio
1571 1005 1607 1037 in

242 1055 316 1086 loco
341 1055 412 1097 qui,
439 1065 481 1086 ex
506 1055 580 1098 ejus
607 1055 757 1094 nomine,
784 1065 878 1088 nunc
905 1055 1008 1089 Mons
1033 1056 1067 1089 S.
1095 1056 1281 1100 Disybodii
1309 1064 1463 1097 vocatur,
1490 1061 1606 1093 extitit

242 1110 432 1142 multorum
450 1114 548 1151 pater
565 1111 845 1144 inonach01·um.”
897 1110 1030 1144 Eadem
1049 1124 1136 1156 pene
1153 1113 1177 1145 J
1178 1124 1255 1146 oan.
1276 1113 1451 1147 Trithem.
1471 1115 1530 1148 lib.
1547 1124 1604 1148 111.

242 1165 284 1197 de
304 1164 376 1198 Vir.
396 1166 521 1197 illustr.
542 1165 625 1197 Ord.
645 1166 679 1198 S.
700 1167 881 1200 Benedicti
903 1178 976 1211 cap.
996 1177 1254 1202 CCLXXXVIII.
1306 1169 1396 1214 Ejus
1421 1176 1498 1204 acta
1525 1183 1604 1205 con-

241 1221 379 1264 scripsit
397 1220 431 1252 S.
453 1219 677 1264 Hildegardis
704 1221 890 1266 Bingensis
917 1224 1101 1263 abbatissa,
1128 1230 1168 1258 ut
1192 1227 1268 1268 ipsa
1291 1227 1447 1270 agnoscit
1465 1227 1524 1260 lib.
1545 1237 1603 1261 111.

240 1277 343 1310 Vitae
360 1287 443 1309 suae
460 1287 521 1319 per
539 1276 763 1309 Theodorum
782 1279 894 1311 editae
912 1289 985 1322 cap.
1001 1289 1098 1312 XXV.
1118 1281 1178 1313 ubi
1193 1281 1297 1315 haec:
1318 1287 1339 1301 “
1353 1282 1473 1315 Vitam
1488 1288 1522 1316 et
1536 1295 1605 1317 me-

240 1334 308 1366 rita
325 1333 443 1366 Sancti
462 1332 632 1376 Disybodi
655 1334 854 1376 conscripsi,
879 1335 923 1367 ab
946 1335 1069 1369 abbate
1094 1347 1172 1370 meo
1198 1342 1232 1370 et
1257 1337 1424 1370 fratribus
1452 1339 1604 1373 humilli-

238 1401 296 1423 ma
312 1389 480 1422 instantia
496 1394 531 1421 et
548 1389 731 1422 devotione
749 1391 896 1423 coacta.’⁷
934 1391 1071 1425 Prodiit
1089 1391 1173 1425 Vita
1191 1393 1259 1426 ista
1277 1393 1436 1433 Lovanii,
1456 1396 1515 1427 sed
1533 1407 1603 1429 non

238 1446 331 1478 vidi:
357 1455 396 1477 ac
419 1455 461 1477 ne
487 1450 576 1477 certe
602 1445 740 1487 quidem
767 1446 936 1479 affirmare
961 1449 1091 1490 possim
1117 1449 1153 1481 in
1181 1449 1361 1488 Hibernia,
1388 1461 1433 1483 an
1459 1462 1541 1484 vero
1566 1453 1602 1485 in

238 1501 364 1540 Scotia,
391 1502 627 1544 episcopatum
653 1501 709 1534 ille
734 1503 890 1546 gesserit.
942 1503 1092 1549 Georgio
1123 1504 1270 1538 WVicelio
1296 1505 1418 1539 Scotus
1444 1512 1497 1540 est
1521 1508 1598 1541 libr.

237 1567 307 1591 v11.
334 1569 407 1601 cap.
428 1566 490 1589 Lv.
516 1556 641 1601 Georg.
667 1557 845 1592 Garnefelt
869 1560 927 1592 lib.
957 1569 997 1592 11.
1025 1560 1128 1594 Vitae
1153 1560 1342 1594 Eremitar.
1370 1573 1443 1606 cap.
1464 1572 1598 1597 XXIIx.

237 1614 327 1659 Ejus
356 1614 599 1647 solennitatem
626 1615 766 1647 ecclesia
795 1616 924 1655 recolit,
954 1617 1009 1648 vel
1038 1625 1124 1650 VIII.
1155 1618 1210 1650 die
1240 1617 1327 1650 Julii
1358 1624 1391 1651 et
1424 1627 1510 1651 VIII.
1544 1621 1598 1653 die

236 1670 458 1714 Septembris,
487 1674 526 1701 ut
557 1671 668 1711 placet
701 1670 829 1703 Joanni
859 1671 1001 1705 Molano
1035 1672 1215 1706 Addition.
1250 1673 1415 1713 Usum-di,
1453 1676 1507 1709 vel
1542 1677 1596 1708 die

237 1735 323 1759 VIII.
341 1726 451 1763 Junii,
463 1730 503 1758 ut
516 1727 592 1757 vult
603 1725 750 1759 Arnold.
767 1726 895 1760 Uvion.
935 1727 1179 1762 sacrosanctae
1193 1740 1275 1762 sane
1290 1730 1382 1762 illius
1398 1735 1417 1748 ‘·'
1430 1732 1596 1774 reliquiae

235 1782 429 1815 reconditae
454 1781 597 1814 fuerunt
618 1782 653 1813 in
680 1784 816 1815 tumulo
843 1784 976 1826 lapideo
1002 1790 1095 1817 retro
1121 1786 1228 1817 altare
1255 1786 1367 1829 majus
1395 1789 1593 1820 monasterii

236 1839 368 1871 Montis
391 1837 425 1869 S.
451 1837 667 1881 Disybodii.”
726 1838 949 1872 Dodechinus
976 1840 1079 1873 abbas
1106 1842 1141 1873 in
1168 1840 1369 1883 Appendice
1395 1843 1438 1874 ad
1465 1842 1594 1876 Maria-

234 1895 269 1926 ni
295 1894 504 1926 Chronicum
530 1893 594 1926 sub
618 1905 746 1927 annum
776 1904 947 1928 MCXLIV.
993 1896 1193 1929 Translatio
1218 1908 1298 1929 vero
1322 1898 1474 1941 ejusdem
1504 1898 1593 1932 facta

233 1951 297 1983 sub
315 1950 454 1982 Conone
475 1958 526 1982 IV.
550 1951 642 1983 illius
666 1951 730 1982 loci
750 1951 882 1984 abbate.
934 1951 1030 1984 Idem
1049 1952 1271 1984 Dodechinus
1290 1953 1362 1985 loco
1385 1954 1526 1987 laudato
1548 1956 1590 1988 ad

233 2017 362 2038 annum
383 2014 558 2038 MCXXIX.
577 2011 610 2038 et
629 2007 788 2039 meminit
807 2007 924 2040 Uvion
949 2007 1007 2040 lib.
1030 2017 1088 2040 ΙΙΙ.
1113 2019 1191 2052 pag.
1213 2016 1402 2041 CCCLVIII.
1453 2009 1590 2054 Scripta

232 2062 274 2094 ab
291 2073 330 2094 eo
349 2066 500 2094 recenset
518 2062 689 2094 Trithem.
709 2063 766 2094 lib.
786 2064 827 2095 de
845 2063 968 2106 Script.
984 2063 1183 2096 Ecclesiast.
1203 2064 1263 2096 sed
1281 2075 1350 2097 non
1368 2071 1419 2098 est
1445 2066 1489 2099 ad
1516 2078 1588 2099 ma-

231 2128 324 2150 num.
377 2116 473 2149 Idem
491 2117 527 2149 in
546 2117 758 2160 Compendio
780 2118 908 2151 Annal.
936 2120 993 2152 lib.
1020 2129 1044 2151 I.
1067 2130 1146 2164 pag.
1166 2128 1245 2152 LIV.
1275 2122 1442 2154 meminit.
1496 2122 1586 2166 Ejus

230 2185 292 2217 ego
312 2173 381 2205 vidi
402 2183 488 2215 opus

373 2228 425 2260 De
444 2228 694 2261 Monachorum
715 2229 876 2262 Profectu
893 2230 929 2263 in
947 2230 1140 2264 Solitudine
1157 2233 1335 2276 agentium
1420 2234 1477 2266 lib.
1498 2243 1521 2265 I.

278 2284 377 2317 Vixit
395 2295 450 2317 an.
472 2293 634 2317 DCLXIV.
653 2296 722 2327 quo
745 2296 835 2317 anno
859 2286 1007 2319 Scotiam
1026 2287 1188 2326 deseruit,
1207 2294 1373 2332 regnante
1391 2289 1580 2322 Malduino.
