1861 2682
570 282 741 314 GENTIS
766 281 1035 318 SCOTORUM,
1061 281 1147 312 LIB.
1173 280 1235 311 III.
1522 282 1582 311 143

223 376 313 418 quod
343 386 382 408 ea
405 379 516 408 aetate
541 375 864 412 eminentissimum,
891 373 1066 406 Druidum
1087 374 1246 416 princeps
1277 384 1295 405 e
1322 372 1578 405 Benochorensi

223 432 385 464 coenobio
404 431 439 464 in
458 430 699 474 Burguudiam
719 429 902 472 profectus,
917 430 1165 462 monasterium
1180 429 1401 461 Luxoviense
1415 429 1579 461 condidit.

222 486 266 519 D.
286 487 498 523 Bernartius,
517 485 590 518 Vit.
610 485 643 517 S.
664 485 876 517 Malachiae:
901 489 922 503 “
939 484 996 517 Ad
1015 485 1077 517 has
1095 492 1231 517 nostras
1250 484 1444 517 Gallicanas
1466 489 1580 527 partes

222 543 407 574 ascendens
434 542 467 573 S.
488 541 723 573 Columbanus
748 540 960 573 Lexoviense
985 541 1179 573 construxit
1206 541 1494 579 monasterium;''
1522 540 1581 572 sed

222 598 404 641 legendum
423 601 475 629 est
496 594 727 628 chaeoviense.
764 596 860 628 Beda
876 596 912 628 in
926 595 1010 629 Vita
1024 596 1058 628 S.
1072 595 1252 629 Eustathii
1266 606 1339 638 cap.
1360 605 1383 627 Ι.
1399 601 1432 628 et
1448 597 1485 628 in
1498 596 1582 628 Vita

222 652 255 684 S.
288 652 430 685 Attalae
457 663 531 694 cap.
556 660 581 683 1.
608 656 642 683 et
668 652 709 683 de
734 651 987 684 Bcnochorensi
1014 652 1176 684 coenobio
1204 651 1248 684 D.
1276 651 1476 684 Bernardus
1505 652 1581 684 fuse

221 709 293 740 loco
335 708 486 740 laudato.
550 707 804 739 Theodoricum
838 706 1102 740 Austrasiorum
1138 719 1253 751 regem
1296 708 1398 750 paulo
1440 708 1581 740 liberius

221 774 326 806 qnam
344 773 407 805 par
424 767 498 795 erat
516 763 654 805 carpsit,
673 774 741 805 quo
760 763 897 795 nomine
916 763 951 795 in
971 764 1113 796 exilium
1131 768 1183 796 est
1201 768 1308 796 actus.
1363 763 1581 796 Trithemius

221 829 299 851 eum
328 819 364 850 in
393 817 590 850 Annalibus
625 818 839 850 Francorum
872 819 1102 861 reprehendit,
1133 820 1225 862 quod
1256 819 1389 852 Pascha
1424 819 1581 863 Congelli

221 875 303 911 ritu,
334 874 397 906 hoc
427 878 490 911 est,
520 873 676 905 Asiatico
704 884 809 912 more,
836 874 1042 913 celebraret3
1070 875 1162 917 quod
1188 876 1224 907 in
1250 886 1290 907 eo
1316 880 1456 908 excusat
1482 875 1579 908 Beda

222 931 293 962 loco
311 930 468 972 proxime
485 929 637 961 laudato.
692 933 713 947 ‘⁶
731 929 908 961 Permissu
927 929 1133 962 Theoderici
1152 931 1243 974 regis
1264 931 1467 963 coenobium
1488 931 1582 963 Lux-

221 986 339 1018 ovium
363 985 540 1017 aedificare
563 984 705 1027 coepit‚'’
727 985 776 1017 ait
799 983 967 1028 sigebert.
994 984 1249 1018 Gemblacensis
1268 986 1303 1018 in
1323 986 1519 1026 Chronico3
1548 993 1582 1021 et

221 1046 299 1084 post
316 1041 359 1073 ab
384 1041 502 1073 eodem
520 1051 611 1084 rege,
631 1044 651 1058 ‘⁶
669 1040 837 1073 instinctu
855 1039 1092 1073 Brunichildis
1110 1040 1234 1080 Aviae,
1260 1043 1446 1084 expellitur
1473 1043 1502 1075 F
1505 1055 1582 1076 ran-

221 1098 284 1135 cia,
310 1098 370 1139 qui
397 1101 485 1139 post,
513 1097 632 1129 relicto
658 1097 826 1139 discipulo
853 1107 916 1129 suo
943 1096 1043 1129 Gallo
1069 1097 1107 1129 in
1134 1096 1353 1136 Alemannia‚
1380 1099 1582 1132 coenobium

222 1152 372 1185 Bobium
398 1153 594 1184 construxit
619 1153 655 1185 in
682 1152 815 1190 Italia‚''
841 1156 881 1185 ut
906 1153 1060 1195 loquitur
1087 1153 1178 1185 idem
1208 1153 1419 1197 Sigebertus.
1451 1154 1581 1188 Matth.

221 1207 468 1239 XVestmonast.
501 1211 521 1224 “
540 1207 787 1245 Columbanus,
806 1208 925 1240 doctor
942 1208 1122 1241 Scotorum
1147 1213 1180 1241 et
1210 1208 1395 1248 Pictorum,
1422 1211 1482 1253 qui
1509 1212 1581 1244 suis

219 1262 366 1305 posteris
391 1262 501 1294 multa
525 1262 666 1304 pietatis
692 1263 833 1305 reliquit
858 1263 1094 1296 documenta.”
1144 1263 1373 1298 Celebrarunt
1399 1277 1476 1299 eum
1500 1267 1583 1300 Wa-

221 1317 376 1356 lafridus,
411 1316 601 1356 &Vettinus
636 1316 838 1360 Ratpertus,
874 1317 1113 1360 Hepidannus,
1145 1324 1179 1352 et
1214 1319 1450 1354 Herimannus
1491 1323 1583 1365 apud

222 1373 447 1406 Melchiorem
476 1372 777 1406 Heiminsfeldum
802 1372 1008 1405 Goldastum
1037 1375 1129 1406 notis
1159 1375 1203 1406 ad
1233 1375 1465 1419 Panegyricos
1500 1383 1577 1411 octo

222 1434 365 1462 veteres.
429 1427 608 1461 Notkerus
639 1428 808 1462 Balbulus
843 1430 879 1461 in
912 1428 1189 1474 Martyrologio:
1245 1435 1265 1449 ‘⁶
1300 1431 1341 1463 In
1372 1431 1496 1471 Scotia‚
1529 1434 1580 1467 in-

219 1485 296 1518 sula
315 1484 460 1517 Hibern.
485 1484 654 1526 depositio
680 1484 714 1516 S.
740 1484 938 1523 Columbae,
958 1491 1186 1529 cognomento
1204 1488 1295 1529 apud
1318 1499 1398 1520 suos
1417 1488 1580 1522 Columb-

220 1541 307 1578 killi,
342 1551 381 1572 eo
415 1540 507 1582 quod
543 1540 732 1572 multarum
760 1541 934 1578 cellarum,
965 1541 1000 1572 id
1031 1546 1092 1579 est,
1123 1543 1413 1575 monasteriorum
1445 1546 1499 1576 vel
1530 1557 1581 1578 ec-

220 1597 412 1634 clesiarum,
449 1595 642 1633 institutor,
677 1595 851 1635 fundator,
882 1601 916 1628 et
943 1602 1055 1629 rector
1088 1599 1254 1637 extiterit,
1284 1600 1368 1632 adeo
1403 1605 1442 1632 ut
1476 1601 1580 1634 abbas

220 1651 431 1689 monasterii,
461 1650 516 1682 cui
542 1651 728 1683 novissime
753 1651 915 1694 praefuit,
943 1657 976 1685 et
1002 1653 1061 1685 ubi
1086 1654 1281 1696 requiescit,
1308 1660 1429 1688 contra
1451 1667 1581 1689 morem

221 1707 487 1740 ecclesiasticum
526 1707 660 1749 primus
701 1708 856 1739 omnium
893 1707 1163 1741 Hibernensium
1202 1710 1372 1743 habeatur
1406 1713 1581 1755 episcopo-

219 1764 325 1795 rum.”
387 1761 436 1794 Et
463 1766 503 1795 ut
532 1762 574 1794 de
604 1762 638 1794 S.
671 1762 896 1801 Columbano,
923 1774 1026 1806 quem
1057 1764 1160 1796 etiam
1191 1764 1395 1799 Columbam
1427 1778 1488 1800 seu
1517 1768 1580 1800 Co-

220 1819 438 1851 lumbkillum
459 1823 568 1856 vocat,
596 1829 634 1850 ea
652 1819 718 1850 dici
737 1819 922 1862 intelligaS,
946 1819 1020 1861 ipse
1044 1819 1222 1853 Notkerus
1248 1821 1375 1854 ibidem
1402 1824 1467 1856 loci
1491 1823 1580 1856 Con-

220 1875 359 1917 gellum,
386 1874 458 1906 sive
476 1874 542 1906 alio
568 1874 707 1906 nomine
727 1879 746 1892 “
765 1874 918 1906 faustum
938 1877 1212 1917 praeceptorem'’
1231 1882 1331 1910 vocat
1351 1882 1371 1896 ‘⁵
1390 1879 1578 1912 beatissimi

220 1928 455 1961 Columbani.''
497 1929 623 1962 Effecit
641 1940 721 1962 sane
745 1930 859 1972 patria
876 1931 1078 1968 communis,
1097 1936 1131 1963 et
1150 1933 1328 1965 nominum
1357 1935 1492 1973 vicinia,
1518 1946 1579 1968 nec

220 1985 368 2017 multum
387 1985 504 2026 dispar
521 1990 625 2023 aetas,
642 1991 683 2017 ut
701 1997 817 2018 rerum
835 1990 1034 2018 nostrarum
1052 1986 1167 2019 minus
1185 1989 1287 2030 periti
1306 1990 1490 2032 scriptores
1516 1991 1578 2024 hos

220 2040 306 2072 duos
324 2044 460 2072 sanctos
479 2040 571 2072 viros
589 2040 818 2074 confuderint.

269 2095 322 2127 De
339 2099 452 2138 gente,
472 2096 536 2127 etsi
554 2106 739 2128 consensus
757 2097 802 2129 sit
828 2097 978 2130 melioris
1003 2103 1105 2131 notae
1131 2100 1350 2142 scriptorum,
1375 2106 1490 2135 tamen
1514 2104 1577 2136 du-

219 2151 369 2183 bitatum
401 2151 500 2182 video
527 2161 547 2182 a
576 2151 783 2193 quibusdam
810 2154 899 2185 male
926 2153 1068 2186 feriatis.
1114 2155 1205 2188 Nam
1238 2155 1408 2201 Georgius
1439 2158 1577 2191 Merula

220 2206 446 2238 Alexandrin.
471 2206 530 2238 lib.
552 2215 575 2238 Ι.
603 2206 778 2248 Antiquit.
807 2206 1007 2242 Vicecomit.
1032 2221 1112 2254 pag.
1132 2220 1251 2244 CCVII.
1283 2217 1302 2230 ‘⁵
1321 2212 1573 2246 Columbanum

220 2272 240 2294 a
270 2261 393 2294 Gothis
422 2262 653 2306 progenitum,
684 2262 882 2306 integritate
910 2264 1001 2297 vitae
1032 2268 1270 2305 reverendum,
1299 2273 1332 2300 et
1362 2270 1398 2300 in
1428 2281 1496 2311 quo
1525 2270 1575 2301 di-

220 2317 377 2350 vinitatis
395 2318 525 2360 aliquid
542 2317 725 2356 relucebat,
748 2317 896 2362 benigne
913 2329 1112 2364 suscepere3
1140 2324 1355 2365 acceptisque
1373 2325 1470 2356 donis
1490 2336 1574 2368 opu-
