1861 2682
895 274 963 311 xxi

256 377 592 427 Boncompagnus
613 375 655 414 in
681 374 851 427 epistola
875 375 925 413 ad
950 374 1166 413 lectorem:
1198 381 1218 398 ‘⁶
1238 375 1359 417 Quod
1380 388 1471 414 vero
1492 390 1603 428 prae-

253 444 413 476 matura
432 443 561 475 morte
582 437 696 475 nobis
720 443 882 489 ereptus
902 436 972 476 ille
992 451 1074 476 non
1096 437 1242 489 potuit,
1267 437 1308 475 in
1334 444 1515 476 extrema
1540 439 1602 476 his

253 499 399 551 vigiliis
419 500 665 551 imponenda
684 513 818 545 manu,
840 499 881 537 in
902 499 1101 545 limandis,
1122 513 1308 551 novoque
1329 514 1377 538 ex
1399 500 1541 538 intima
1563 507 1604 539 et

253 562 460 600 recondita
480 561 727 613 antiquitate
748 562 1072 600 observationum
1094 562 1273 600 auctario
1298 561 1604 614 locupletandis,

251 623 395 662 sedulo
415 629 456 662 et
475 624 660 675 gnaviter
680 624 882 662 desudant
903 624 1135 675 Dempsteri
1157 624 1272 670 cives,
1293 624 1366 662 viri
1389 625 1430 662 in
1458 625 1532 664 hac
1558 625 1606 663 li-

254 692 433 724 terarum
454 685 652 738 palaestra
673 686 1030 724 exe1·citatissi1ni.”
1090 686 1147 724 Et
1173 687 1248 724 sub
1274 686 1398 725 finem
1424 688 1605 739 ejusdem

252 747 468 800 epistolae:
501 754 521 770 “
543 748 581 786 Si
602 748 704 800 quid
724 748 800 787 hoc
820 748 862 786 in
882 748 997 794 libro,
1018 748 1154 786 aliisve
1170 748 1402 801 Dempsteri
1419 748 1606 789 lucubra-

253 811 442 856 tionibus,
463 820 624 849 sanctae
646 810 855 849 Romanae
882 810 1081 857 ecclesiae,
1110 813 1225 863 cujus
1254 810 1323 850 ille
1349 812 1606 851 decretorum

254 873 356 911 vixit
375 879 417 911 et
436 879 622 911 mortuus
649 879 710 911 est
736 873 1121 919 observantissimus,
1147 873 1283 912 minus
1310 873 1472 926 placens
1497 875 1607 914 inve-

254 936 401 981 nietur,
421 935 463 973 id
479 949 588 974 omne
607 942 840 987 eapunctmn
860 935 914 973 iri
925 936 1158 988 pollicentur
1180 936 1315 974 Scoti.”
1374 937 1463 978 Qua
1484 937 1608 989 igitur

254 997 334 1036 fide
354 997 500 1036 versati
521 997 604 1035 sint
624 997 666 1035 in
686 997 763 1035 hoc
783 1010 902 1049 opere
923 996 1177 1044 absolvendo,
1198 1012 1280 1036 non
1301 998 1396 1037 satis
1416 1000 1531 1038 nobis
1561 999 1607 1038 li-

255 1065 364 1110 quet.
427 1059 651 1097 Lanienam
684 1059 949 1098 I’arisiensem
984 1060 1187 1107 detestari,
1219 1061 1387 1099 minime
1429 1062 1607 1101 arriserit

255 1127 275 1144 ‘⁶
295 1121 477 1172 tyrannis
497 1120 682 1166 mitratis,
703 1122 846 1166 unctis,
868 1128 909 1160 et
930 1123 1027 1160 rasis
1042 1126 1075 1166 ;”
1106 1137 1200 1161 nam
1221 1123 1520 1176 quinquaginta
1540 1127 1606 1164 ab·

254 1183 350 1221 hinc
383 1183 499 1221 annis
533 1182 757 1221 orationem
787 1183 942 1222 Romae
972 1184 1169 1223 habuerat
1203 1185 1367 1224 Marcus
1399 1186 1604 1225 Antonius

253 1245 455 1290 Muretus,
476 1245 518 1282 in
538 1258 620 1296 qua
639 1244 760 1284 homo
781 1245 1114 1297 flagitiosissimus
1140 1253 1223 1285 tam
1249 1248 1534 1288 detestandum
1565 1258 1605 1289 et

254 1306 476 1346 execrabile
493 1307 648 1344 facinus
665 1320 822 1345 summe
837 1307 1082 1347 laudaverat.
1131 1310 1209 1348 Sed
1224 1309 1376 1349 leniore
1393 1311 1604 1364 Dempste-

255 1383 323 1408 rus
345 1369 518 1420 ingenio,
539 1369 788 1407 teterrimam
809 1369 914 1408 hanc
933 1369 1136 1409 lanienam
1163 1372 1388 1411 detestatus
1415 1379 1485 1419 est,
1515 1374 1605 1412 ideo

257 1437 422 1470 notatus
450 1432 499 1469 ab
525 1430 587 1469 his
615 1431 823 1470 Romanae
850 1432 984 1471 curiae
1013 1434 1233 1486 mancipiis.
1291 1435 1448 1474 Dabam
1478 1435 1605 1475 Edin-

254 1493 372 1546 burgi
393 1506 485 1533 non.
507 1493 742 1533 Decembris
762 1508 869 1534 anno
891 1508 1156 1535 nncccxmx.
