1861 2682
254 277 294 304 22
625 276 847 307 HISTORIA
871 276 1229 308 ECCLESIASTICA

256 369 338 406 zelo,
357 371 519 409 superata
535 366 704 400 foeminea
720 367 920 411 fragilitate,
939 368 1119 400 accedente
1133 368 1236 400 etiam
1252 369 1309 411 pia
1323 368 1471 400 fratrum
1486 369 1605 402 exhor-

253 424 394 461 tatione,
421 422 527 455 oculis
553 433 591 455 ac
618 422 777 455 manibus
803 423 839 455 in
865 424 995 455 coelum
1019 423 1173 461 intentis,
1199 423 1377 456 Christum
1396 423 1605 462 confitentes,

255 478 494 511 cruentissima
511 478 611 511 caede
628 479 787 521 martyrii
806 480 955 521 palmam
974 478 1246 521 adipiscuntur.’'

302 533 514 575 Martyrium
533 543 651 574 passae
669 537 751 565 sunt
769 533 870 566 citius
884 544 953 566 uno
967 544 1057 567 anno
1074 544 1178 576 quam
1192 533 1317 566 fratres
1331 544 1340 573 ς
1361 534 1424 567 hoc
1439 539 1501 573 est,
1516 545 1606 567 anno

257 596 441 621 CCCCXIX.

727 699 761 732 S.
788 699 1025 733 ASAPHUS.
1078 701 1135 732 21.

259 812 293 844 S.
324 810 508 843 ASAPHUS
537 810 572 843 S.
604 810 810 854 Kentigerni
840 811 1040 853 discipulus,
1074 811 1146 853 qui,
1179 813 1271 854 quod
1300 813 1386 856 regii
1416 817 1503 845 esset
1533 823 1608 845 san-

257 866 385 910 guinis,
415 865 564 898 factione
590 866 809 908 popularium
839 866 953 908 patria
983 867 1114 909 pulsus,
1145 867 1234 899 circa
1262 878 1392 900 annum
1423 877 1517 900 DLX.
1547 868 1605 900 ha-

258 922 339 954 bent
381 922 520 953 annales
564 921 685 958 nostri,
733 921 847 953 sedem
896 921 932 953 in
982 921 1113 954 Wallia
1162 922 1386 965 episcopalem
1436 923 1607 960 fundavit,

258 988 345 1020 quae
362 980 480 1019 postea
497 976 712 1019 Asaphensis
729 976 822 1008 dicta
843 983 914 1009 est:
940 977 999 1009 sed
1021 977 1078 1009 ille
1100 977 1143 1009 ad
1165 987 1244 1010 suos
1266 982 1445 1011 revocatus
1468 978 1608 1010 institu-

256 1038 328 1065 tam
359 1042 469 1074 nuper
497 1032 702 1075 dignitatem
731 1031 899 1074 discipulo
929 1043 991 1064 suo
1020 1033 1187 1065 concessit
1215 1031 1371 1075 Asapho,
1400 1034 1462 1076 qui
1489 1043 1608 1075 quam-

258 1088 317 1120 diu
343 1088 480 1125 sederit,
505 1091 565 1120 aut
590 1087 727 1129 quando
752 1086 886 1125 obierit,
912 1097 973 1129 pro
999 1092 1172 1129 comperto
1203 1098 1273 1120 non
1303 1088 1431 1121 habeo:
1465 1088 1528 1120 hoc
1558 1093 1607 1120 ta-

258 1154 335 1176 men
359 1143 510 1187 elogium
532 1143 562 1175 ei
587 1142 753 1174 concessit
774 1141 797 1173 J
800 1152 832 1174 o.
859 1141 1096 1186 Capgravius:
1123 1146 1144 1161 ‘⁶
1162 1141 1294 1175 Genere
1313 1148 1348 1176 et
1365 1144 1478 1186 specie
1495 1144 1606 1175 clarus

257 1200 300 1231 ab
318 1199 392 1241 ipso
409 1197 600 1241 pubertatis
618 1196 712 1235 flore,
730 1201 764 1230 et
788 1197 943 1230 doctrina
965 1196 1102 1241 fulgens
1127 1202 1160 1230 et
1182 1198 1381 1236 virtutibus,
1405 1199 1512 1230 vitam
1536 1209 1607 1230 ma-

257 1254 357 1298 gistri
375 1254 412 1286 in
429 1253 523 1286 omni
540 1254 722 1286 sanctitate
740 1257 774 1285 et
791 1252 999 1285 abstinentia
1010 1253 1145 1296 jugiter
1163 1254 1260 1296 sequi
1278 1252 1490 1297 satagebat.”
1538 1253 1606 1286 Ar-

258 1310 349 1342 nold.
364 1309 481 1342 Uvion
494 1309 552 1341 lib.
568 1318 622 1340 111.
638 1308 741 1351 Ligu.
753 1307 856 1340 Vitae
868 1317 944 1350 pag.
959 1315 1052 1339 CLII.
1068 1312 1088 1326 “
1102 1307 1144 1340 Ι11
1157 1308 1271 1341 Scotia
1282 1308 1316 1341 S.
1330 1308 1463 1351 Asaphi
1479 1309 1607 1351 episco-

258 1366 323 1407 pi.'’
383 1364 631 1407 Episcopatum
661 1363 779 1394 multis
813 1366 889 1404 post
919 1362 1017 1394 illurn
1044 1363 1167 1395 seculis
1192 1364 1347 1396 antistite
1374 1364 1534 1402 caruisse,
1564 1374 1606 1396 ex

260 1419 542 1453 Huntindonensi
577 1428 645 1450 non
684 1417 956 1460 improbabiliter
991 1418 1123 1461 colligit
1165 1418 1367 1451 Franciscus
1404 1418 1604 1455 Godwinus.

257 1476 349 1519 quod
383 1485 472 1507 anno
508 1481 601 1506 MCL.
644 1473 854 1506 cathedrales
889 1476 957 1504 tres
992 1476 1128 1505 tantum
1166 1474 1203 1505 in
1241 1473 1370 1505 wallia
1408 1484 1607 1506 enumeren-

260 1536 327 1569 tur,
358 1529 588 1567 Menevensis,
618 1528 864 1572 Bangorensis,
899 1527 1145 1561 Landavensis.
1197 1528 1332 1571 Scripta
1362 1539 1443 1561 vero
1472 1528 1515 1561 ab
1544 1529 1608 1560 hoc

259 1591 386 1625 nostro,

402 1641 645 1673 Ordinationes
664 1638 837 1672 Ecclesiae
854 1649 935 1672 suae
1215 1640 1272 1671 lib.
1294 1648 1316 1671 1.

403 1696 608 1740 Kentigerni
625 1695 782 1739 magistri
801 1694 884 1727 Vita
1216 1694 1274 1727 lib.
1295 1702 1318 1725 Ι.

309 1753 351 1785 In
376 1752 436 1784 SS.
463 1751 579 1784 album
600 1751 729 1783 relatus
751 1750 913 1782 recolitur
935 1751 1083 1783 calendis
1108 1750 1195 1783 Maii
1219 1760 1289 1782 una
1311 1760 1390 1782 cum
1412 1748 1605 1793 VValburga

262 1808 395 1853 virgine
429 1808 465 1840 in
495 1806 748 1850 Martyrologio
783 1805 949 1838 Romano.
1001 1805 1107 1839 Putat
1136 1805 1308 1838 illustriss.
1339 1804 1511 1836 Baronius
1540 1806 1606 1836 cla-

262 1864 371 1896 ruisse
392 1874 471 1895 eum
495 1863 586 1895 circa
608 1872 738 1894 annum
763 1869 883 1893 Dexv.
905 1861 997 1903 quod
1019 1861 1077 1893 vix
1100 1861 1256 1899 admitto,
1281 1870 1360 1892 nam
1385 1871 1405 1892 a
1427 1859 1460 1892 S.
1485 1859 1606 1892 Kenti-

262 1930 367 1963 gerno
385 1929 492 1961 usque
510 1919 552 1950 ad
572 1917 657 1949 illud
675 1921 810 1959 tempus
828 1916 909 1947 anni
927 1920 1007 1948 sunt
1025 1917 1127 1958 paulo
1144 1916 1259 1948 minus
1277 1915 1425 1947 ducenti.

715 2026 749 2058 S.
777 2024 1043 2058 ADRIANUS.
1095 2027 1151 2057 22.

266 2140 299 2172 S.
329 2139 542 2172 ADRIANUS
576 2141 718 2180 martyr,
753 2137 812 2169 sed
850 2146 945 2179 puer,
983 2139 1016 2167 et
1054 2134 1189 2168 Siciliae
1226 2135 1393 2178 princeps,
1433 2135 1465 2167 S.
1505 2135 1606 2167 Gere-

259 2197 362 2228 -sinae
379 2195 517 2238 reginae
534 2192 634 2230 filius,
653 2192 687 2224 S.
707 2192 854 2224 Ursulae
872 2190 1104 2228 consobrinus,
1124 2189 1156 2221 S.
1176 2189 1302 2222 Dariae
1320 2200 1435 2232 nepos,
1454 2189 1487 2222 S.
1507 2189 1607 2222 Mau-

268 2252 297 2283 ri
316 2250 437 2288 affinis,
455 2249 562 2281 frater
579 2247 638 2280 SS.
662 2247 828 2285 Babiliae,
849 2246 973 2283 Juliae‚
997 2244 1179 2284 Victoriae,
1203 2250 1237 2277 et
1259 2245 1407 2283 Aureae,
1431 2245 1607 2289 virginum

270 2311 300 2338 et
325 2312 528 2348 martyrum,
554 2313 658 2345 nepos
680 2302 800 2335 itidem
822 2300 856 2333 S.
879 2301 1034 2333 Macririi
1059 2301 1218 2343 episcopi,
1240 2311 1316 2333 cum
1341 2305 1449 2334 matre
1471 2301 1505 2332 in
1532 2300 1609 2333 Bri-
