1861 2682
309 246 372 278 276
684 250 909 282 HISTORIA
934 251 1296 285 ECCLESIASTICA

312 339 455 382 Scripsit
472 340 528 373 hle

452 396 629 439 Epistolas
648 398 691 430 ad
709 397 923 430 Baithenum
941 396 1114 431 Abbatem
1270 399 1329 432 lib.
1352 409 1375 432 1.

452 452 542 485 Acta
560 452 748 486 Columbae
1272 455 1330 488 lib.
1351 465 1374 488 1.

355 508 488 541 Claruit
507 519 598 541 anno
617 517 806 542 DLxxxn.

751 620 785 653 S.
813 620 1084 654 FINDOCHA.
1136 624 1216 654 508.

305 732 338 764 S.
358 732 575 765 FINDOCHA
595 733 694 777 virgo
712 743 840 777 magna
864 733 1059 766 sanctitatis
1085 733 1178 767 fama
1205 734 1270 767 sub
1292 746 1372 780 rege
1395 736 1555 770 Conrano
1580 738 1663 771 dici-

304 793 361 820 tur
379 788 545 827 floruisse,
563 800 602 821 ac
618 789 732 821 nescio
750 800 794 821 an
812 799 881 821 non
900 800 970 822 una
987 801 1027 822 ea
1044 801 1086 822 ex
1104 789 1138 823 S.
1158 789 1352 824 Donevaldi
1370 791 1516 832 filiabus,
1535 794 1564 826 si
1579 805 1661 827 vera

304 848 355 876 est
372 845 590 887 quorundam
608 845 822 887 supputatio.
875 844 964 888 Ejus
984 851 1035 878 est

445 899 498 932 De
515 899 600 933 Vita
617 900 897 943 contemplativa
915 900 1229 935 Commentariolus
1313 904 1371 936 lib.
1393 913 1417 937 1.

349 955 499 989 Vivebat
517 967 607 989 anno
626 964 768 988 DXXVI.
821 956 1000 990 Recolitur
1018 958 1092 1002 ejus
1111 969 1208 991 sacra
1226 961 1392 993 memoria
1409 961 1463 993 die
1485 970 1575 994 XIII.
1595 961 1661 994 Oc-

302 1012 419 1045 tobris.
473 1012 620 1044 Kalend.
639 1011 768 1045 Adami
788 1012 904 1057 Regii.

698 1124 731 1156 S.
760 1123 1129 1158 FLORENTINUS.
1172 1129 1262 1163 509.

298 1238 332 1270 S.
351 1237 656 1275 FLORENTINUS,
674 1237 766 1282 regis
784 1236 967 1270 Scotorum
985 1237 1086 1277 filius,
1114 1239 1170 1271 vir
1194 1239 1387 1272 incredibili
1413 1241 1595 1274 sanctitate
1621 1242 1656 1274 in

297 1293 418 1326 Galliis
449 1293 584 1332 colitur,
615 1294 744 1336 templo
775 1294 805 1326 ei
836 1293 872 1325 in
902 1304 1041 1326 nemore
1070 1294 1274 1327 densissimo
1304 1296 1460 1328 dedicato
1489 1296 1526 1329 in
1555 1297 1656 1330 Cain-

297 1350 400 1392 pania
416 1361 487 1383 non
510 1350 612 1393 longe
636 1348 880 1393 Lingonibus:
906 1349 1005 1392 cujus
1024 1350 1107 1388 vita,
1126 1351 1169 1383 ab
1194 1351 1324 1384 incerto
1350 1356 1489 1385 auctore
1515 1353 1653 1395 scripta,

297 1415 382 1439 XIX.
402 1405 572 1449 capitibus
590 1405 797 1438 continetur.
837 1411 857 1424 “
878 1415 901 1438 1.
921 1404 999 1437 Rex
1016 1405 1150 1439 Scotiae
1168 1405 1238 1439 filio
1257 1418 1320 1440 suo
1338 1407 1542 1441 Florentino
1560 1419 1654 1441 coro-

296 1474 376 1495 nam
395 1463 505 1501 offert,
526 1466 560 1494 et
578 1461 662 1504 quid
680 1461 721 1493 dc
740 1472 779 1493 ea
797 1462 966 1499 videatur,
985 1463 1130 1504 quaerit,
1150 1463 1208 1495 sed
1227 1463 1291 1495 sub
1309 1468 1443 1496 noctem
1468 1464 1653 1507 intempes-

296 1524 366 1551 tam
386 1519 529 1562 angelus
547 1518 577 1549 ei
597 1518 784 1549 discessum
801 1518 955 1550 nunciat.
996 1526 1036 1549 ΙΙ.
1057 1517 1280 1551 Florentinus
1295 1519 1430 1551 itineris
1444 1520 1497 1552 sui
1513 1521 1654 1553 comites

296 1575 442 1619 triginta
459 1574 666 1616 optimatum
687 1572 774 1605 filios
793 1574 906 1617 elegit,
931 1574 1056 1616 quibus
1081 1584 1241 1606 coronam
1268 1575 1427 1607 ostendit.
1479 1584 1536 1608 111.
1564 1576 1651 1609 Orat

295 1632 419 1668 Deum,
449 1630 557 1672 possit
581 1640 674 1661 mare
701 1629 869 1673 trajicere,
896 1633 930 1662 et
949 1630 1092 1673 angelus
1117 1641 1134 1662 e
1158 1631 1250 1662 coelo
1274 1641 1409 1663 crucem
1433 1631 1554 1669 defert,
1581 1643 1648 1674 qua

295 1687 435 1730 trajicit.
513 1694 564 1717 IV.
601 1685 679 1727 Ipse
710 1696 788 1717 cum
816 1685 916 1717 sociis
947 1685 1038 1717 cruci
1073 1685 1225 1718 insidens
1259 1686 1433 1730 enavigat.
1494 1696 1530 1719 V.
1559 1687 1650 1719 Mari

295 1743 449 1786 trajecto,
470 1746 616 1784 oportet,
634 1742 760 1784 inquit,
784 1741 963 1786 sigillatim
989 1741 1152 1783 separari,
1178 1746 1218 1774 ut
1243 1740 1318 1774 Deo
1344 1743 1546 1775 serviamus.
1598 1752 1649 1775 VI.

294 1799 481 1831 Bonettam
499 1798 620 1830 urbem
639 1797 811 1836 accedens,
829 1808 1012 1840 porcorum
1030 1797 1205 1829 custodiae
1223 1808 1258 1830 se
1275 1798 1365 1830 locat
1378 1806 1513 1830 XXXII.
1528 1809 1647 1831 annos.

294 1863 363 1887 ΥΠ.
391 1854 433 1886 In
451 1865 520 1896 quo
538 1854 700 1886 subulcus
718 1852 797 1890 fuit,
815 1852 892 1885 fons
911 1857 972 1890 est,
992 1857 1025 1885 et
1044 1853 1195 1885 baculus.
1237 1861 1324 1885 VIII.
1352 1852 1480 1886 Porcos
1499 1854 1542 1886 ad
1560 1865 1649 1887 nun-

294 1912 392 1943 dinas
411 1910 649 1954 Lingonenses
667 1908 778 1941 duxit.
832 1917 886 1940 IX.
906 1908 1042 1947 Caecos,
1061 1909 1211 1946 claudos,
1231 1913 1345 1941 mutos
1364 1914 1473 1942 sanat.
1526 1919 1564 1942 X.
1584 1910 1648 1943 Ca-

293 1968 477 1999 codaeinon
495 1966 531 1998 in
545 1965 657 1999 forma
671 1965 803 2007 puellae
817 1964 1084 1997 formosissimae
1099 1964 1129 1995 ei
1143 1965 1311 1997 annulum
1326 1965 1522 2007 pronubum
1537 1967 1647 2005 offert,

293 2024 408 2055 dicens
427 2022 524 2054 illum
545 2032 618 2054 esse
636 2020 818 2053 Scotorum
836 2020 927 2064 regis
941 2019 1061 2052 filium.
1106 2029 1162 2052 XI.
1177 2020 1266 2052 Cum
1279 2020 1524 2054 cacodaemone
1536 2023 1647 2055 tribus

292 2079 413 2112 diebus
432 2083 466 2110 et
484 2078 628 2110 totidem
646 2076 805 2109 noctibus
829 2076 903 2108 sine
925 2076 1088 2108 missione
1114 2082 1259 2120 pugnat.
1311 2085 1384 2108 XII.
1412 2076 1647 2111 Cacodaemon

291 2139 436 2169 conatur
446 2144 584 2166 sensum
596 2133 627 2165 ei
640 2132 781 2174 eripere.
819 2139 907 2163 XIII.
923 2131 1093 2164 Baculum
1107 2132 1206 2164 humi
1219 2131 1338 2164 defixit
1352 2132 1576 2173 dormiturus,
1588 2136 1647 2177 qui

291 2191 387 2224 fonte
400 2194 476 2223 orto
490 2189 620 2221 radices
639 2188 721 2232 egit.
762 2196 843 2220 XIV.
865 2187 991 2219 Incidit
1008 2187 1042 2219 in
1060 2188 1230 2225 morbum,
1249 2192 1284 2220 et
1301 2189 1444 2232 angelus
1459 2190 1645 2223 transitum

291 2247 444 2285 nunciat,
460 2245 537 2288 quis
552 2245 608 2284 sit,
630 2244 759 2287 pastori
773 2244 915 2276 revelat.
955 2251 1021 2275 XV.
1042 2243 1136 2281 Obit,
1151 2244 1385 2286 praescribens
1400 2249 1439 2277 ut
1453 2256 1492 2277 eo
1506 2246 1569 2277 loci
1584 2246 1646 2279 hu-

292 2308 455 2341 maretur,
482 2313 551 2344 quo
577 2302 646 2334 duo
666 2300 757 2333 tauri
785 2300 901 2332 currui
928 2300 1129 2342 impositum
1155 2299 1340 2333 deferrent.
1392 2308 1475 2332 XVI.
1502 2300 1544 2333 In
1563 2301 1644 2334 den-
