<?xml version="1.0" encoding="UTF-8"?>
<!DOCTYPE html PUBLIC "-//W3C//DTD XHTML 1.0 Transitional//EN"
    "http://www.w3.org/TR/xhtml1/DTD/xhtml1-transitional.dtd">
<html xmlns="http://www.w3.org/1999/xhtml" xml:lang="en" lang="en">
 <head>
  <title>
</title>
<meta http-equiv="Content-Type" content="text/html;charset=utf-8" />
  <meta name='ocr-system' content='tesseract 3.04.00' />
  <meta name='ocr-capabilities' content='ocr_page ocr_carea ocr_par ocr_line ocrx_word'/>
</head>
<body>
  <div class='ocr_page' id='page_1' title='image "./thomaedempsterih00bann_0372.png"; bbox 0 0 1861 2682; ppageno 0'>
   <div class='ocr_carea' id='block_1_1' title="bbox 272 235 1266 273">
    <p class='ocr_par' dir='ltr' id='par_1_1' title="bbox 272 235 1266 273">
     <span class='ocr_line' id='line_1_1' title="bbox 272 235 1266 273; baseline 0.009 -9"><span class='ocrx_word' id='word_1_1' title='bbox 272 235 354 267; x_wconf 70' lang='lat'><strong>292*</strong></span> <span class='ocrx_word' id='word_1_2' title='bbox 654 238 880 271; x_wconf 88' lang='lat' dir='ltr'><strong>HISTORIA</strong></span> <span class='ocrx_word' id='word_1_3' title='bbox 903 240 1266 273; x_wconf 89' lang='lat' dir='ltr'>ECCLESIASTICA</span> 
     </span>
    </p>
   </div>
   <div class='ocr_carea' id='block_1_2' title="bbox 278 330 1638 430">
    <p class='ocr_par' dir='ltr' id='par_1_2' title="bbox 278 330 1638 430">
     <span class='ocr_line' id='line_1_2' title="bbox 278 330 1638 377; baseline 0.006 -16"><span class='ocrx_word' id='word_1_4' title='bbox 278 334 439 370; x_wconf 87' lang='lat' dir='ltr'><strong>optasset,</strong></span> <span class='ocrx_word' id='word_1_5' title='bbox 457 340 497 362; x_wconf 91' lang='lat' dir='ltr'><strong>eo</strong></span> <span class='ocrx_word' id='word_1_6' title='bbox 514 330 569 363; x_wconf 92' lang='lat' dir='ltr'><strong>die</strong></span> <span class='ocrx_word' id='word_1_7' title='bbox 586 335 824 374; x_wconf 84' lang='lat' dir='ltr'><strong>resurgentem</strong></span> <span class='ocrx_word' id='word_1_8' title='bbox 842 337 1048 364; x_wconf 84' lang='lat' dir='ltr'>assertorem</span> <span class='ocrx_word' id='word_1_9' title='bbox 1065 332 1209 365; x_wconf 89' lang='lat' dir='ltr'><strong>humani</strong></span> <span class='ocrx_word' id='word_1_10' title='bbox 1228 333 1365 377; x_wconf 88' lang='lat' dir='ltr'><strong>generis</strong></span> <span class='ocrx_word' id='word_1_11' title='bbox 1390 335 1542 377; x_wconf 87' lang='lat' dir='ltr'><strong>corporis</strong></span> <span class='ocrx_word' id='word_1_12' title='bbox 1562 336 1638 369; x_wconf 90' lang='lat' dir='ltr'><strong>vin-</strong></span> 
     </span>
     <span class='ocr_line' id='line_1_3' title="bbox 278 385 1408 430; baseline 0.006 -15"><span class='ocrx_word' id='word_1_13' title='bbox 278 385 353 417; x_wconf 86' lang='lat' dir='ltr'><strong>culo</strong></span> <span class='ocrx_word' id='word_1_14' title='bbox 371 385 458 418; x_wconf 87' lang='lat' dir='ltr'><strong>liber</strong></span> <span class='ocrx_word' id='word_1_15' title='bbox 475 386 643 424; x_wconf 91' lang='lat' dir='ltr'><strong>venerari,</strong></span> <span class='ocrx_word' id='word_1_16' title='bbox 661 396 752 418; x_wconf 89' lang='lat' dir='ltr'><strong>anno</strong></span> <span class='ocrx_word' id='word_1_17' title='bbox 772 393 897 419; x_wconf 83' lang='lat' dir='ltr'><strong>MDCV.</strong></span> <span class='ocrx_word' id='word_1_18' title='bbox 915 387 1072 430; x_wconf 87' lang='lat' dir='ltr'><strong>sepultus</strong></span> <span class='ocrx_word' id='word_1_19' title='bbox 1090 387 1135 420; x_wconf 89' lang='lat' dir='ltr'><strong>ad</strong></span> <span class='ocrx_word' id='word_1_20' title='bbox 1151 387 1197 421; x_wconf 87' lang='lat' dir='ltr'><strong>D.</strong></span> <span class='ocrx_word' id='word_1_21' title='bbox 1217 387 1408 422; x_wconf 86' lang='lat' dir='ltr'><strong>Francisci.</strong></span> 
     </span>
    </p>
   </div>
   <div class='ocr_carea' id='block_1_3' title="bbox 619 497 1290 533">
    <p class='ocr_par' dir='ltr' id='par_1_3' title="bbox 619 497 1290 533">
     <span class='ocr_line' id='line_1_4' title="bbox 619 497 1290 533; baseline 0.004 -3"><span class='ocrx_word' id='word_1_22' title='bbox 619 497 838 531; x_wconf 87' lang='lat' dir='ltr'><strong>JACOBUS</strong></span> <span class='ocrx_word' id='word_1_23' title='bbox 865 497 1156 532; x_wconf 84' lang='lat' dir='ltr'><strong>FLAMINIUS.</strong></span> <span class='ocrx_word' id='word_1_24' title='bbox 1207 502 1290 533; x_wconf 87' lang='lat'>550.</span> 
     </span>
    </p>
   </div>
   <div class='ocr_carea' id='block_1_4' title="bbox 272 607 1636 878">
    <p class='ocr_par' dir='ltr' id='par_1_4' title="bbox 272 607 1636 878">
     <span class='ocr_line' id='line_1_5' title="bbox 275 607 1634 657; baseline 0.005 -16"><span class='ocrx_word' id='word_1_25' title='bbox 275 607 451 641; x_wconf 79' lang='lat' dir='ltr'><strong>JACOBUS</strong></span> <span class='ocrx_word' id='word_1_26' title='bbox 477 608 683 648; x_wconf 84' lang='lat' dir='ltr'><strong>Flaminius,</strong></span> <span class='ocrx_word' id='word_1_27' title='bbox 706 610 921 643; x_wconf 89' lang='lat' dir='ltr'><strong>nobilissima</strong></span> <span class='ocrx_word' id='word_1_28' title='bbox 946 609 1080 643; x_wconf 87' lang='lat' dir='ltr'><strong>familia</strong></span> <span class='ocrx_word' id='word_1_29' title='bbox 1104 611 1283 650; x_wconf 85' lang='lat' dir='ltr'><strong>oriundus,</strong></span> <span class='ocrx_word' id='word_1_30' title='bbox 1308 612 1408 657; x_wconf 87' lang='lat' dir='ltr'><strong>cujus</strong></span> <span class='ocrx_word' id='word_1_31' title='bbox 1426 618 1547 647; x_wconf 85' lang='lat' dir='ltr'>auctor</span> <span class='ocrx_word' id='word_1_32' title='bbox 1565 616 1634 649; x_wconf 89' lang='lat' dir='ltr'><strong>Ro-</strong></span> 
     </span>
     <span class='ocr_line' id='line_1_6' title="bbox 276 664 1636 712; baseline 0.005 -15"><span class='ocrx_word' id='word_1_33' title='bbox 276 664 393 697; x_wconf 80' lang='lat' dir='ltr'><strong>bertus</strong></span> <span class='ocrx_word' id='word_1_34' title='bbox 418 664 585 704; x_wconf 89' lang='lat' dir='ltr'><strong>Flemein,</strong></span> <span class='ocrx_word' id='word_1_35' title='bbox 609 665 652 698; x_wconf 94' lang='lat' dir='ltr'><strong>ob</strong></span> <span class='ocrx_word' id='word_1_36' title='bbox 675 666 850 698; x_wconf 88' lang='lat' dir='ltr'><strong>detectum</strong></span> <span class='ocrx_word' id='word_1_37' title='bbox 873 665 1047 699; x_wconf 88' lang='lat' dir='ltr'><strong>Cumeinii</strong></span> <span class='ocrx_word' id='word_1_38' title='bbox 1064 667 1194 700; x_wconf 88' lang='lat' dir='ltr'><strong>crimen</strong></span> <span class='ocrx_word' id='word_1_39' title='bbox 1211 667 1414 712; x_wconf 84' lang='lat' dir='ltr'><strong>majestatis,</strong></span> <span class='ocrx_word' id='word_1_40' title='bbox 1441 680 1462 702; x_wconf 88' lang='lat' dir='ltr'><strong>a</strong></span> <span class='ocrx_word' id='word_1_41' title='bbox 1480 669 1636 704; x_wconf 89' lang='lat' dir='ltr'><strong>Roberto</strong></span> 
     </span>
     <span class='ocr_line' id='line_1_7' title="bbox 273 718 1632 765; baseline 0.005 -13"><span class='ocrx_word' id='word_1_42' title='bbox 273 720 402 753; x_wconf 88' lang='lat' dir='ltr'><strong>Brusio</strong></span> <span class='ocrx_word' id='word_1_43' title='bbox 431 732 511 765; x_wconf 87' lang='lat' dir='ltr'><strong>rege</strong></span> <span class='ocrx_word' id='word_1_44' title='bbox 538 722 631 765; x_wconf 86' lang='lat' dir='ltr'><strong>agris</strong></span> <span class='ocrx_word' id='word_1_45' title='bbox 662 718 908 754; x_wconf 76' lang='lat' dir='ltr'><strong>Cummirnald</strong></span> <span class='ocrx_word' id='word_1_46' title='bbox 931 722 1080 756; x_wconf 88' lang='lat' dir='ltr'><strong>donatus</strong></span> <span class='ocrx_word' id='word_1_47' title='bbox 1103 730 1156 756; x_wconf 89' lang='lat' dir='ltr'><strong>est</strong></span> <span class='ocrx_word' id='word_1_48' title='bbox 1181 723 1272 756; x_wconf 90' lang='lat' dir='ltr'><strong>circa</strong></span> <span class='ocrx_word' id='word_1_49' title='bbox 1296 734 1427 757; x_wconf 87' lang='lat' dir='ltr'><strong>annum</strong></span> <span class='ocrx_word' id='word_1_50' title='bbox 1454 733 1632 760; x_wconf 79' lang='lat' dir='ltr'><strong>Mccexx.</strong></span> 
     </span>
     <span class='ocr_line' id='line_1_8' title="bbox 275 769 1633 824; baseline 0.005 -16"><span class='ocrx_word' id='word_1_51' title='bbox 275 776 406 810; x_wconf 87' lang='lat' dir='ltr'><strong>Hector</strong></span> <span class='ocrx_word' id='word_1_52' title='bbox 435 769 560 810; x_wconf 84' lang='lat' dir='ltr'><strong>Boeth.</strong></span> <span class='ocrx_word' id='word_1_53' title='bbox 591 777 650 810; x_wconf 88' lang='lat' dir='ltr'><strong>lib.</strong></span> <span class='ocrx_word' id='word_1_54' title='bbox 682 786 772 810; x_wconf 86' lang='lat' dir='ltr'><strong>X111.</strong></span> <span class='ocrx_word' id='word_1_55' title='bbox 806 788 887 822; x_wconf 86' lang='lat' dir='ltr'><strong>pag.</strong></span> <span class='ocrx_word' id='word_1_56' title='bbox 919 787 1046 812; x_wconf 78' lang='lat' dir='ltr'><strong>cccw.</strong></span> <span class='ocrx_word' id='word_1_57' title='bbox 1081 778 1125 812; x_wconf 91' lang='lat' dir='ltr'><strong>In</strong></span> <span class='ocrx_word' id='word_1_58' title='bbox 1153 779 1275 813; x_wconf 89' lang='lat' dir='ltr'><strong>Galliis</strong></span> <span class='ocrx_word' id='word_1_59' title='bbox 1306 778 1455 814; x_wconf 86' lang='lat' dir='ltr'><strong>Lescaae</strong></span> <span class='ocrx_word' id='word_1_60' title='bbox 1485 783 1633 824; x_wconf 83' lang='lat' dir='ltr'><strong>optimas</strong></span> 
     </span>
     <span class='ocr_line' id='line_1_9' title="bbox 272 832 1631 878; baseline 0.004 -13"><span class='ocrx_word' id='word_1_61' title='bbox 272 837 364 866; x_wconf 87' lang='lat' dir='ltr'><strong>artes</strong></span> <span class='ocrx_word' id='word_1_62' title='bbox 396 832 595 867; x_wconf 84' lang='lat' dir='ltr'><strong>felicissimo</strong></span> <span class='ocrx_word' id='word_1_63' title='bbox 628 833 769 878; x_wconf 88' lang='lat' dir='ltr'><strong>ingenio</strong></span> <span class='ocrx_word' id='word_1_64' title='bbox 802 834 932 874; x_wconf 87' lang='lat' dir='ltr'><strong>docuit,</strong></span> <span class='ocrx_word' id='word_1_65' title='bbox 974 834 1104 869; x_wconf 89' lang='lat' dir='ltr'><strong>Graece</strong></span> <span class='ocrx_word' id='word_1_66' title='bbox 1132 846 1172 869; x_wconf 88' lang='lat' dir='ltr'><strong>ac</strong></span> <span class='ocrx_word' id='word_1_67' title='bbox 1201 835 1329 870; x_wconf 85' lang='lat' dir='ltr'><strong>Latine</strong></span> <span class='ocrx_word' id='word_1_68' title='bbox 1362 836 1631 871; x_wconf 85' lang='lat' dir='ltr'><strong>eruditissimus.</strong></span> 
     </span>
    </p>
   </div>
   <div class='ocr_carea' id='block_1_5' title="bbox 272 887 1344 1109">
    <p class='ocr_par' dir='ltr' id='par_1_5' title="bbox 272 887 1344 1109">
     <span class='ocr_line' id='line_1_10' title="bbox 272 887 418 922; baseline 0.014 -2"><span class='ocrx_word' id='word_1_69' title='bbox 272 887 345 922; x_wconf 88' lang='lat' dir='ltr'><strong>Scri</strong></span> <span class='ocrx_word' id='word_1_70' title='bbox 372 889 418 922; x_wconf 90' lang='lat' dir='ltr'><strong>sit</strong></span> 
     </span>
     <span class='ocr_line' id='line_1_11' title="bbox 346 899 1344 990; baseline 0.002 -12"><span class='ocrx_word' id='word_1_71' title='bbox 346 899 370 932; x_wconf 79' lang='lat' dir='ltr'><strong>p</strong></span> <span class='ocrx_word' id='word_1_72' title='bbox 415 944 686 979; x_wconf 85' lang='lat' dir='ltr'><strong>Observationes</strong></span> <span class='ocrx_word' id='word_1_73' title='bbox 703 947 741 979; x_wconf 94' lang='lat' dir='ltr'><strong>in</strong></span> <span class='ocrx_word' id='word_1_74' title='bbox 759 946 1045 990; x_wconf 85' lang='lat' dir='ltr'><strong>Theophrastum</strong></span> <span class='ocrx_word' id='word_1_75' title='bbox 1238 947 1298 981; x_wconf 91' lang='lat' dir='ltr'><strong>lib.</strong></span> <span class='ocrx_word' id='word_1_76' title='bbox 1319 956 1344 980; x_wconf 90' lang='lat'><strong>1.</strong></span> 
     </span>
     <span class='ocr_line' id='line_1_12' title="bbox 416 1001 1343 1047; baseline 0.003 -13"><span class='ocrx_word' id='word_1_77' title='bbox 416 1001 584 1035; x_wconf 88' lang='lat' dir='ltr'><strong>Poemata</strong></span> <span class='ocrx_word' id='word_1_78' title='bbox 601 1003 859 1047; x_wconf 87' lang='lat' dir='ltr'><strong>elegantissima</strong></span> <span class='ocrx_word' id='word_1_79' title='bbox 1235 1003 1295 1037; x_wconf 90' lang='lat' dir='ltr'><strong>lib.</strong></span> <span class='ocrx_word' id='word_1_80' title='bbox 1318 1012 1343 1037; x_wconf 91' lang='lat'><strong>1.</strong></span> 
     </span>
     <span class='ocr_line' id='line_1_13' title="bbox 413 1057 1340 1109; baseline 0.001 -18"><span class='ocrx_word' id='word_1_81' title='bbox 413 1057 599 1091; x_wconf 85' lang='lat' dir='ltr'><strong>Orationes</strong></span> <span class='ocrx_word' id='word_1_82' title='bbox 618 1057 915 1109; x_wconf 76' lang='lat' dir='ltr'><strong>Graeco-Latinas</strong></span> <span class='ocrx_word' id='word_1_83' title='bbox 1235 1060 1296 1094; x_wconf 89' lang='lat' dir='ltr'><strong>lib.</strong></span> <span class='ocrx_word' id='word_1_84' title='bbox 1316 1067 1340 1093; x_wconf 91' lang='lat'><strong>1.</strong></span> 
     </span>
    </p>
   </div>
   <div class='ocr_carea' id='block_1_6' title="bbox 319 1113 942 1148">
    <p class='ocr_par' dir='ltr' id='par_1_6' title="bbox 319 1113 942 1148">
     <span class='ocr_line' id='line_1_14' title="bbox 319 1113 942 1148; baseline 0 -1"><span class='ocrx_word' id='word_1_85' title='bbox 319 1113 417 1147; x_wconf 90' lang='lat' dir='ltr'><strong>Obiit</strong></span> <span class='ocrx_word' id='word_1_86' title='bbox 434 1114 562 1147; x_wconf 89' lang='lat' dir='ltr'><strong>ibidem</strong></span> <span class='ocrx_word' id='word_1_87' title='bbox 581 1114 647 1148; x_wconf 87' lang='lat' dir='ltr'><strong>loci</strong></span> <span class='ocrx_word' id='word_1_88' title='bbox 666 1118 759 1148; x_wconf 87' lang='lat' dir='ltr'><strong>anno</strong></span> <span class='ocrx_word' id='word_1_89' title='bbox 779 1123 942 1148; x_wconf 79' lang='lat' dir='ltr'><strong>MDcxn.</strong></span> 
     </span>
    </p>
   </div>
   <div class='ocr_carea' id='block_1_7' title="bbox 609 1281 1278 1317">
    <p class='ocr_par' dir='ltr' id='par_1_7' title="bbox 609 1281 1278 1317">
     <span class='ocr_line' id='line_1_15' title="bbox 609 1281 1278 1317; baseline 0.003 -2"><span class='ocrx_word' id='word_1_90' title='bbox 609 1281 902 1316; x_wconf 89' lang='lat' dir='ltr'><strong>GULIELMUS</strong></span> <span class='ocrx_word' id='word_1_91' title='bbox 928 1282 1144 1316; x_wconf 88' lang='lat' dir='ltr'><strong>FOULAR.</strong></span> <span class='ocrx_word' id='word_1_92' title='bbox 1197 1286 1278 1317; x_wconf 89' lang='grc'><strong>551.</strong></span> 
     </span>
    </p>
   </div>
   <div class='ocr_carea' id='block_1_8' title="bbox 262 1394 1627 2338">
    <p class='ocr_par' dir='ltr' id='par_1_8' title="bbox 262 1394 1627 2338">
     <span class='ocr_line' id='line_1_16' title="bbox 268 1394 1625 1440; baseline 0.004 -13"><span class='ocrx_word' id='word_1_93' title='bbox 268 1394 510 1427; x_wconf 80' lang='lat' dir='ltr'>GULIELMUS</span> <span class='ocrx_word' id='word_1_94' title='bbox 538 1395 668 1428; x_wconf 85' lang='lat' dir='ltr'><strong>Foular</strong></span> <span class='ocrx_word' id='word_1_95' title='bbox 698 1395 917 1428; x_wconf 83' lang='lat' dir='ltr'><strong>nobilitatem</strong></span> <span class='ocrx_word' id='word_1_96' title='bbox 946 1396 1083 1439; x_wconf 85' lang='lat' dir='ltr'><strong>generis</strong></span> <span class='ocrx_word' id='word_1_97' title='bbox 1113 1397 1376 1440; x_wconf 81' lang='lat' dir='ltr'><strong>incomparabili</strong></span> <span class='ocrx_word' id='word_1_98' title='bbox 1407 1398 1539 1432; x_wconf 85' lang='lat' dir='ltr'><strong>virtute</strong></span> <span class='ocrx_word' id='word_1_99' title='bbox 1571 1400 1625 1432; x_wconf 90' lang='lat' dir='ltr'><strong>vel</strong></span> 
     </span>
     <span class='ocr_line' id='line_1_17' title="bbox 268 1450 1627 1498; baseline 0.003 -15"><span class='ocrx_word' id='word_1_100' title='bbox 268 1451 523 1484; x_wconf 83' lang='lat' dir='ltr'><strong>commendavit</strong></span> <span class='ocrx_word' id='word_1_101' title='bbox 549 1452 604 1484; x_wconf 87' lang='lat' dir='ltr'><strong>vel</strong></span> <span class='ocrx_word' id='word_1_102' title='bbox 631 1451 833 1494; x_wconf 82' lang='lat' dir='ltr'><strong>superavit3</strong></span> <span class='ocrx_word' id='word_1_103' title='bbox 862 1451 900 1484; x_wconf 87' lang='lat' dir='ltr'><strong>in</strong></span> <span class='ocrx_word' id='word_1_104' title='bbox 927 1450 1049 1484; x_wconf 84' lang='lat' dir='ltr'><strong>Galliis</strong></span> <span class='ocrx_word' id='word_1_105' title='bbox 1077 1453 1388 1496; x_wconf 86' lang='lat' dir='ltr'><strong>transmarinisque</strong></span> <span class='ocrx_word' id='word_1_106' title='bbox 1416 1455 1493 1487; x_wconf 86' lang='lat' dir='ltr'><strong>aliis</strong></span> <span class='ocrx_word' id='word_1_107' title='bbox 1518 1455 1627 1498; x_wconf 86' lang='lat' dir='ltr'><strong>parti-</strong></span> 
     </span>
     <span class='ocr_line' id='line_1_18' title="bbox 267 1506 1626 1553; baseline 0.002 -13"><span class='ocrx_word' id='word_1_108' title='bbox 267 1508 331 1540; x_wconf 90' lang='lat' dir='ltr'><strong>bus</strong></span> <span class='ocrx_word' id='word_1_109' title='bbox 348 1507 409 1540; x_wconf 88' lang='lat' dir='ltr'><strong>diu</strong></span> <span class='ocrx_word' id='word_1_110' title='bbox 427 1511 596 1546; x_wconf 88' lang='lat' dir='ltr'><strong>versatus,</strong></span> <span class='ocrx_word' id='word_1_111' title='bbox 615 1506 768 1540; x_wconf 85' lang='lat' dir='ltr'><strong>Graecae</strong></span> <span class='ocrx_word' id='word_1_112' title='bbox 792 1518 831 1540; x_wconf 89' lang='lat' dir='ltr'><strong>ac</strong></span> <span class='ocrx_word' id='word_1_113' title='bbox 855 1507 1004 1540; x_wconf 85' lang='lat' dir='ltr'><strong>Latinae</strong></span> <span class='ocrx_word' id='word_1_114' title='bbox 1026 1508 1217 1553; x_wconf 82' lang='lat' dir='ltr'><strong>elegantiae</strong></span> <span class='ocrx_word' id='word_1_115' title='bbox 1239 1509 1450 1543; x_wconf 90' lang='lat' dir='ltr'><strong>nobiliorum</strong></span> <span class='ocrx_word' id='word_1_116' title='bbox 1477 1511 1626 1543; x_wconf 88' lang='lat' dir='ltr'><strong>aliarum</strong></span> 
     </span>
     <span class='ocr_line' id='line_1_19' title="bbox 266 1563 1627 1611; baseline 0.004 -16"><span class='ocrx_word' id='word_1_117' title='bbox 266 1563 466 1607; x_wconf 86' lang='lat' dir='ltr'><strong>linguarum</strong></span> <span class='ocrx_word' id='word_1_118' title='bbox 491 1564 651 1606; x_wconf 85' lang='lat' dir='ltr'><strong>peritiam</strong></span> <span class='ocrx_word' id='word_1_119' title='bbox 679 1564 825 1596; x_wconf 90' lang='lat' dir='ltr'><strong>addidit.</strong></span> <span class='ocrx_word' id='word_1_120' title='bbox 887 1563 930 1597; x_wconf 89' lang='lat' dir='ltr'><strong>In</strong></span> <span class='ocrx_word' id='word_1_121' title='bbox 955 1565 1105 1606; x_wconf 86' lang='lat' dir='ltr'><strong>patriam</strong></span> <span class='ocrx_word' id='word_1_122' title='bbox 1134 1565 1255 1604; x_wconf 81' lang='lat' dir='ltr'><strong>redux,</strong></span> <span class='ocrx_word' id='word_1_123' title='bbox 1285 1564 1411 1599; x_wconf 91' lang='lat' dir='ltr'><strong>Annae</strong></span> <span class='ocrx_word' id='word_1_124' title='bbox 1436 1567 1577 1611; x_wconf 89' lang='lat' dir='ltr'><strong>reginae</strong></span> <span class='ocrx_word' id='word_1_125' title='bbox 1607 1579 1627 1600; x_wconf 91' lang='lat' dir='ltr'><strong>a</strong></span> 
     </span>
     <span class='ocr_line' id='line_1_20' title="bbox 265 1620 1626 1664; baseline 0.003 -12"><span class='ocrx_word' id='word_1_126' title='bbox 265 1620 404 1652; x_wconf 86' lang='lat' dir='ltr'><strong>secretis</strong></span> <span class='ocrx_word' id='word_1_127' title='bbox 422 1631 491 1652; x_wconf 89' lang='lat' dir='ltr'><strong>non</strong></span> <span class='ocrx_word' id='word_1_128' title='bbox 509 1620 679 1652; x_wconf 85' lang='lat' dir='ltr'><strong>minorem</strong></span> <span class='ocrx_word' id='word_1_129' title='bbox 703 1620 741 1652; x_wconf 89' lang='lat' dir='ltr'><strong>in</strong></span> <span class='ocrx_word' id='word_1_130' title='bbox 765 1621 845 1652; x_wconf 89' lang='lat' dir='ltr'><strong>aula</strong></span> <span class='ocrx_word' id='word_1_131' title='bbox 866 1620 1088 1663; x_wconf 89' lang='lat' dir='ltr'><strong>prudentiam</strong></span> <span class='ocrx_word' id='word_1_132' title='bbox 1115 1631 1221 1664; x_wconf 89' lang='lat' dir='ltr'><strong>quam</strong></span> <span class='ocrx_word' id='word_1_133' title='bbox 1246 1621 1284 1654; x_wconf 92' lang='lat' dir='ltr'><strong>in</strong></span> <span class='ocrx_word' id='word_1_134' title='bbox 1307 1622 1432 1656; x_wconf 88' lang='lat' dir='ltr'><strong>studiis</strong></span> <span class='ocrx_word' id='word_1_135' title='bbox 1450 1623 1626 1656; x_wconf 85' lang='lat' dir='ltr'><strong>solertiam</strong></span> 
     </span>
     <span class='ocr_line' id='line_1_21' title="bbox 265 1676 1626 1723; baseline 0.004 -16"><span class='ocrx_word' id='word_1_136' title='bbox 265 1676 438 1717; x_wconf 77' lang='lat' dir='ltr'><strong>ostendit3</strong></span> <span class='ocrx_word' id='word_1_137' title='bbox 470 1676 530 1708; x_wconf 91' lang='lat' dir='ltr'><strong>sed</strong></span> <span class='ocrx_word' id='word_1_138' title='bbox 560 1676 729 1716; x_wconf 79' lang='lat' dir='ltr'><strong>subii-ata,</strong></span> <span class='ocrx_word' id='word_1_139' title='bbox 760 1676 932 1709; x_wconf 90' lang='lat' dir='ltr'><strong>incertum</strong></span> <span class='ocrx_word' id='word_1_140' title='bbox 958 1687 1063 1719; x_wconf 89' lang='lat' dir='ltr'><strong>quam</strong></span> <span class='ocrx_word' id='word_1_141' title='bbox 1094 1677 1138 1710; x_wconf 94' lang='lat' dir='ltr'><strong>ob</strong></span> <span class='ocrx_word' id='word_1_142' title='bbox 1168 1688 1318 1717; x_wconf 88' lang='lat' dir='ltr'><strong>causam,</strong></span> <span class='ocrx_word' id='word_1_143' title='bbox 1349 1679 1482 1723; x_wconf 86' lang='lat' dir='ltr'><strong>regina,</strong></span> <span class='ocrx_word' id='word_1_144' title='bbox 1516 1678 1626 1712; x_wconf 87' lang='lat' dir='ltr'><strong>officio</strong></span> 
     </span>
     <span class='ocr_line' id='line_1_22' title="bbox 263 1732 1623 1779; baseline 0.003 -16"><span class='ocrx_word' id='word_1_145' title='bbox 263 1732 415 1775; x_wconf 84' lang='lat' dir='ltr'><strong>dejectus</strong></span> <span class='ocrx_word' id='word_1_146' title='bbox 433 1732 566 1764; x_wconf 89' lang='lat' dir='ltr'><strong>nudum</strong></span> <span class='ocrx_word' id='word_1_147' title='bbox 584 1742 710 1765; x_wconf 86' lang='lat' dir='ltr'><strong>nomen</strong></span> <span class='ocrx_word' id='word_1_148' title='bbox 728 1743 838 1775; x_wconf 92' lang='lat' dir='ltr'><strong>usque</strong></span> <span class='ocrx_word' id='word_1_149' title='bbox 851 1732 894 1764; x_wconf 88' lang='lat' dir='ltr'><strong>ad</strong></span> <span class='ocrx_word' id='word_1_150' title='bbox 909 1733 1001 1765; x_wconf 86' lang='lat' dir='ltr'><strong>vitae</strong></span> <span class='ocrx_word' id='word_1_151' title='bbox 1014 1733 1148 1765; x_wconf 89' lang='lat' dir='ltr'><strong>exitum</strong></span> <span class='ocrx_word' id='word_1_152' title='bbox 1161 1733 1318 1767; x_wconf 90' lang='lat' dir='ltr'><strong>retinuit.</strong></span> <span class='ocrx_word' id='word_1_153' title='bbox 1353 1734 1483 1767; x_wconf 87' lang='lat' dir='ltr'><strong>Orator</strong></span> <span class='ocrx_word' id='word_1_154' title='bbox 1495 1735 1623 1779; x_wconf 84' lang='lat' dir='ltr'><strong>gravis,</strong></span> 
     </span>
     <span class='ocr_line' id='line_1_23' title="bbox 262 1788 1621 1835; baseline 0.004 -16"><span class='ocrx_word' id='word_1_155' title='bbox 262 1788 448 1820; x_wconf 88' lang='lat' dir='ltr'><strong>historicus</strong></span> <span class='ocrx_word' id='word_1_156' title='bbox 482 1788 680 1826; x_wconf 84' lang='lat' dir='ltr'><strong>omniscius,</strong></span> <span class='ocrx_word' id='word_1_157' title='bbox 715 1793 817 1831; x_wconf 87' lang='lat' dir='ltr'><strong>poeta</strong></span> <span class='ocrx_word' id='word_1_158' title='bbox 850 1789 1048 1822; x_wconf 89' lang='lat' dir='ltr'><strong>suavissimi</strong></span> <span class='ocrx_word' id='word_1_159' title='bbox 1091 1789 1186 1833; x_wconf 89' lang='lat' dir='ltr'><strong>styli,</strong></span> <span class='ocrx_word' id='word_1_160' title='bbox 1229 1800 1269 1822; x_wconf 90' lang='lat' dir='ltr'><strong>ac</strong></span> <span class='ocrx_word' id='word_1_161' title='bbox 1310 1790 1621 1835; x_wconf 85' lang='lat' dir='ltr'><strong>ingeniosissimus,</strong></span> 
     </span>
     <span class='ocr_line' id='line_1_24' title="bbox 262 1844 689 1886; baseline 0.002 -11"><span class='ocrx_word' id='word_1_162' title='bbox 262 1844 400 1886; x_wconf 82' lang='lat' dir='ltr'><strong>scripsit</strong></span> <span class='ocrx_word' id='word_1_163' title='bbox 417 1845 528 1877; x_wconf 89' lang='lat' dir='ltr'><strong>multa</strong></span> <span class='ocrx_word' id='word_1_164' title='bbox 543 1854 551 1883; x_wconf 92' lang='lat'>;</span> <span class='ocrx_word' id='word_1_165' title='bbox 579 1845 616 1876; x_wconf 88' lang='lat' dir='ltr'><strong>in</strong></span> <span class='ocrx_word' id='word_1_166' title='bbox 634 1844 689 1877; x_wconf 90' lang='lat' dir='ltr'><strong>his</strong></span> 
     </span>
     <span class='ocr_line' id='line_1_25' title="bbox 406 1899 1561 1936; baseline 0.003 -3"><span class='ocrx_word' id='word_1_167' title='bbox 406 1899 460 1933; x_wconf 90' lang='lat' dir='ltr'><strong>De</strong></span> <span class='ocrx_word' id='word_1_168' title='bbox 478 1900 651 1933; x_wconf 87' lang='lat' dir='ltr'><strong>Memoria</strong></span> <span class='ocrx_word' id='word_1_169' title='bbox 669 1900 840 1934; x_wconf 85' lang='lat' dir='ltr'><strong>artificiali</strong></span> <span class='ocrx_word' id='word_1_170' title='bbox 859 1900 1138 1933; x_wconf 90' lang='lat' dir='ltr'><strong>Commentarius</strong></span> <span class='ocrx_word' id='word_1_171' title='bbox 1156 1902 1437 1935; x_wconf 85' lang='lat' dir='ltr'><strong>accuratissimus</strong></span> <span class='ocrx_word' id='word_1_172' title='bbox 1456 1903 1516 1936; x_wconf 91' lang='lat' dir='ltr'><strong>lib.</strong></span> <span class='ocrx_word' id='word_1_173' title='bbox 1538 1913 1561 1936; x_wconf 90' lang='grc' dir='ltr'><strong>Ι.</strong></span> 
     </span>
     <span class='ocr_line' id='line_1_26' title="bbox 405 1955 1620 2001; baseline 0.002 -12"><span class='ocrx_word' id='word_1_174' title='bbox 405 1956 684 2001; x_wconf 87' lang='lat' dir='ltr'><strong>Anagrammata</strong></span> <span class='ocrx_word' id='word_1_175' title='bbox 781 1957 840 1990; x_wconf 91' lang='lat' dir='ltr'><strong>lib.</strong></span> <span class='ocrx_word' id='word_1_176' title='bbox 861 1966 884 1989; x_wconf 92' lang='lat'><strong>1.</strong></span> <span class='ocrx_word' id='word_1_177' title='bbox 911 1956 1002 1988; x_wconf 88' lang='lat' dir='ltr'><strong>mira</strong></span> <span class='ocrx_word' id='word_1_178' title='bbox 1029 1955 1208 1995; x_wconf 81' lang='lat' dir='ltr'><strong>facilitate,</strong></span> <span class='ocrx_word' id='word_1_179' title='bbox 1236 1968 1276 1990; x_wconf 87' lang='lat' dir='ltr'><strong>ac</strong></span> <span class='ocrx_word' id='word_1_180' title='bbox 1304 1968 1385 1991; x_wconf 88' lang='lat' dir='ltr'><strong>rara</strong></span> <span class='ocrx_word' id='word_1_181' title='bbox 1410 1958 1620 1992; x_wconf 88' lang='lat' dir='ltr'><strong>inventione.</strong></span> 
     </span>
     <span class='ocr_line' id='line_1_27' title="bbox 452 2012 1620 2055; baseline 0.003 -10"><span class='ocrx_word' id='word_1_182' title='bbox 452 2012 632 2050; x_wconf 83' lang='lat' dir='ltr'><strong>Quaedam</strong></span> <span class='ocrx_word' id='word_1_183' title='bbox 670 2017 889 2052; x_wconf 89' lang='lat' dir='ltr'><strong>succurrunt,</strong></span> <span class='ocrx_word' id='word_1_184' title='bbox 928 2023 1017 2055; x_wconf 86' lang='lat' dir='ltr'><strong>quae</strong></span> <span class='ocrx_word' id='word_1_185' title='bbox 1055 2013 1235 2046; x_wconf 90' lang='lat' dir='ltr'><strong>ascribam.</strong></span> <span class='ocrx_word' id='word_1_186' title='bbox 1304 2013 1518 2047; x_wconf 79' lang='lat' dir='ltr'><strong>HENRICUS</strong></span> <span class='ocrx_word' id='word_1_187' title='bbox 1558 2014 1620 2048; x_wconf 91' lang='lat' dir='ltr'><strong>IV.</strong></span> 
     </span>
     <span class='ocr_line' id='line_1_28' title="bbox 453 2067 1621 2111; baseline 0.003 -10"><span class='ocrx_word' id='word_1_188' title='bbox 453 2067 705 2101; x_wconf 86' lang='lat' dir='ltr'>GALLIARUM</span> <span class='ocrx_word' id='word_1_189' title='bbox 725 2077 832 2110; x_wconf 80' lang='lat' dir='ltr'>REX3</span> <span class='ocrx_word' id='word_1_190' title='bbox 861 2079 903 2101; x_wconf 88' lang='lat' dir='ltr'><strong>ex</strong></span> <span class='ocrx_word' id='word_1_191' title='bbox 925 2079 1005 2111; x_wconf 87' lang='lat' dir='ltr'><strong>quo,</strong></span> <span class='ocrx_word' id='word_1_192' title='bbox 1030 2076 1075 2100; x_wconf 85' lang='lat' dir='ltr'><strong>IN</strong></span> <span class='ocrx_word' id='word_1_193' title='bbox 1098 2077 1247 2102; x_wconf 73' lang='lat' dir='ltr'><strong>RERUM</strong></span> <span class='ocrx_word' id='word_1_194' title='bbox 1265 2078 1443 2103; x_wconf 82' lang='lat' dir='ltr'><strong>EXURGIS</strong></span> <span class='ocrx_word' id='word_1_195' title='bbox 1461 2070 1621 2104; x_wconf 83' lang='lat' dir='ltr'>RAVAL-</span> 
     </span>
     <span class='ocr_line' id='line_1_29' title="bbox 455 2124 1621 2168; baseline 0.002 -11"><span class='ocrx_word' id='word_1_196' title='bbox 455 2133 543 2157; x_wconf 80' lang='lat' dir='ltr'><strong>LAc.</strong></span> <span class='ocrx_word' id='word_1_197' title='bbox 587 2124 697 2157; x_wconf 90' lang='lat' dir='ltr'><strong>Aliud</strong></span> <span class='ocrx_word' id='word_1_198' title='bbox 710 2125 845 2168; x_wconf 87' lang='lat' dir='ltr'><strong>aequali</strong></span> <span class='ocrx_word' id='word_1_199' title='bbox 860 2124 1034 2163; x_wconf 87' lang='lat' dir='ltr'><strong>felicitate,</strong></span> <span class='ocrx_word' id='word_1_200' title='bbox 1053 2125 1196 2158; x_wconf 81' lang='lat' dir='ltr'>MARIA</span> <span class='ocrx_word' id='word_1_201' title='bbox 1209 2126 1442 2166; x_wconf 83' lang='lat' dir='ltr'>STEUARDA,</span> <span class='ocrx_word' id='word_1_202' title='bbox 1461 2135 1621 2159; x_wconf 78' lang='lat' dir='ltr'>REGINA</span> 
     </span>
     <span class='ocr_line' id='line_1_30' title="bbox 449 2179 1622 2222; baseline 0.003 -10"><span class='ocrx_word' id='word_1_203' title='bbox 449 2179 696 2222; x_wconf 81' lang='lat' dir='ltr'>SCOTORUM3</span> <span class='ocrx_word' id='word_1_204' title='bbox 723 2181 816 2213; x_wconf 87' lang='lat' dir='ltr'><strong>unde</strong></span> <span class='ocrx_word' id='word_1_205' title='bbox 845 2181 913 2219; x_wconf 92' lang='lat' dir='ltr'><strong>ille,</strong></span> <span class='ocrx_word' id='word_1_206' title='bbox 944 2189 1117 2214; x_wconf 75' lang='lat' dir='ltr'><strong>TRUSAVI</strong></span> <span class='ocrx_word' id='word_1_207' title='bbox 1147 2189 1310 2222; x_wconf 81' lang='lat' dir='ltr'>REGNIS,</span> <span class='ocrx_word' id='word_1_208' title='bbox 1341 2190 1482 2215; x_wconf 82' lang='lat' dir='ltr'>MORTE</span> <span class='ocrx_word' id='word_1_209' title='bbox 1514 2191 1622 2215; x_wconf 87' lang='lat' dir='ltr'>AMA-</span> 
     </span>
     <span class='ocr_line' id='line_1_31' title="bbox 448 2236 1620 2283; baseline 0.001 -13"><span class='ocrx_word' id='word_1_210' title='bbox 448 2245 503 2270; x_wconf 82' lang='lat' dir='ltr'><strong>RA</strong></span> <span class='ocrx_word' id='word_1_211' title='bbox 533 2245 652 2269; x_wconf 87' lang='lat' dir='ltr'><strong>cADO.</strong></span> <span class='ocrx_word' id='word_1_212' title='bbox 721 2236 781 2270; x_wconf 84' lang='lat' dir='ltr'><strong>Ex</strong></span> <span class='ocrx_word' id='word_1_213' title='bbox 814 2236 924 2270; x_wconf 92' lang='lat' dir='ltr'><strong>officio</strong></span> <span class='ocrx_word' id='word_1_214' title='bbox 957 2242 1076 2270; x_wconf 87' lang='lat' dir='ltr'><strong>sancto</strong></span> <span class='ocrx_word' id='word_1_215' title='bbox 1106 2237 1239 2271; x_wconf 89' lang='lat' dir='ltr'><strong>Romae</strong></span> <span class='ocrx_word' id='word_1_216' title='bbox 1272 2238 1447 2277; x_wconf 90' lang='lat' dir='ltr'><strong>dimissus,</strong></span> <span class='ocrx_word' id='word_1_217' title='bbox 1482 2238 1620 2283; x_wconf 90' lang='lat' dir='ltr'><strong>abjura-</strong></span> 
     </span>
     <span class='ocr_line' id='line_1_32' title="bbox 447 2292 1620 2338; baseline 0 -12"><span class='ocrx_word' id='word_1_218' title='bbox 447 2298 484 2326; x_wconf 89' lang='lat' dir='ltr'><strong>ta</strong></span> <span class='ocrx_word' id='word_1_219' title='bbox 509 2292 654 2332; x_wconf 89' lang='lat' dir='ltr'><strong>haeresi,</strong></span> <span class='ocrx_word' id='word_1_220' title='bbox 686 2294 789 2327; x_wconf 86' lang='lat' dir='ltr'><strong>cellae</strong></span> <span class='ocrx_word' id='word_1_221' title='bbox 817 2304 899 2327; x_wconf 86' lang='lat' dir='ltr'><strong>suae</strong></span> <span class='ocrx_word' id='word_1_222' title='bbox 925 2294 1101 2327; x_wconf 89' lang='lat' dir='ltr'><strong>custodiae</strong></span> <span class='ocrx_word' id='word_1_223' title='bbox 1127 2294 1371 2338; x_wconf 88' lang='lat' dir='ltr'><strong>superscripsit</strong></span> <span class='ocrx_word' id='word_1_224' title='bbox 1397 2303 1516 2328; x_wconf 83' lang='lat' dir='ltr'>ALMA</span> <span class='ocrx_word' id='word_1_225' title='bbox 1545 2294 1620 2327; x_wconf 88' lang='lat' dir='ltr'><strong>Ro-</strong></span> 
     </span>
    </p>
   </div>
  </div>
 </body>
</html>
