1861 2682
591 258 760 291 GENTIS
785 256 1053 292 SCOTORUM,
1078 256 1164 287 LIB.
1191 256 1245 286 IV.
1535 256 1592 283 2531

580 349 609 375 H
613 349 637 376 ic
652 348 750 376 Scotus
760 349 838 385 jaceo
851 347 936 375 semel
951 347 1086 384 sepultus,

581 394 618 421 Et
633 394 674 421 bis
688 399 823 425 mortuus,
838 393 965 420 omnibus
979 392 1109 429 sophistis

581 440 710 476 Argutus
724 439 821 475 magis,
835 444 919 476 atque
933 438 1080 475 captiosus.

251 520 317 552 Sed
335 524 368 552 et
385 519 523 552 Latomi
541 524 636 552 extat
653 529 790 552 carmen
812 519 1000 561 illepidum,
1023 517 1222 560 insipidum,
1248 527 1286 549 ac
1309 517 1499 559 impostura
1527 516 1596 557 ple-

251 586 345 613 num,
363 586 425 608 nec
442 576 509 619 legi
527 575 682 619 dignum,
701 574 767 606 nisi
786 579 826 607 ut
847 573 1046 618 arrogantia
1067 577 1101 606 et
1124 573 1320 618 ignorantia
1342 571 1477 605 obscuri
1504 575 1596 603 tene-

252 630 382 663 brionis
400 634 587 674 arguatur:

504 716 680 753 Quacunque
693 716 807 743 humaui
822 716 942 748 fuerant,
953 716 1081 753 jurisque
1095 716 1203 746 sacrati,

541 762 577 788 In
595 762 711 789 dubium
726 762 843 789 veniunt
858 767 957 789 cuncta
970 767 1084 789 vocante
1099 762 1189 789 Scoto.

504 807 603 841 Quid?
625 806 708 844 quod,
724 812 752 834 et
766 807 795 833 in
809 807 926 834 dubium
940 807 1016 834 illius
1030 807 1066 834 sit
1080 807 1137 834 vita
1152 812 1256 838 vocata,

541 853 634 880 Morte
648 853 728 879 illum
743 852 827 880 simih'
842 852 1003 880 ludificante
1017 853 1138 889 stropha,

507 899 578 926 Cum
594 908 647 925 non
660 904 725 925 unte
739 898 830 925 virum
845 898 902 925 vita
912 898 1050 934 jugularit
1065 898 1204 935 adempta,

542 944 633 978 Quam
649 944 729 971 vivus
743 944 851 971 tumulo
866 943 993 971 conditus
1007 943 1055 971 ille
1069 944 1149 970 foret.

251 1026 389 1063 Quanto
408 1025 522 1057 verius
541 1024 755 1067 epitaphium
773 1024 847 1067 ejus
867 1023 1142 1056 vetustissimum
1160 1024 1166 1055 ἶ

504 1094 653 1122 Clauditur
666 1093 711 1120 hic
724 1094 808 1126 rivus,
824 1093 884 1120 fons
898 1093 1038 1124 ecclesiae,
1054 1093 1107 1124 via,
1122 1093 1202 1120 vivus

505 1140 611 1166 Doctor
621 1139 761 1175 justitiae,
776 1138 862 1166 studii
878 1138 933 1170 flos,
949 1148 1010 1166 arca
1024 1138 1146 1175 sophiae,

510 1184 626 1221 Ingenio
640 1184 783 1216 scandens,
798 1184 951 1220 scripturae
965 1183 1059 1211 abdita
1072 1183 1213 1221 pandens:

505 1229 575 1257 Dux
589 1230 645 1257 fuit
660 1229 706 1257 hic
720 1229 796 1262 cleri,
811 1229 925 1257 claustri
937 1229 998 1261 lux,
1013 1235 1041 1257 et
1055 1230 1123 1257 tuba
1136 1230 1203 1257 veri.

253 1301 424 1334 Henricus
442 1300 590 1334 Suinton
608 1300 753 1334 Scotus:

506 1363 626 1400 Pingere
640 1363 682 1390 vis
697 1363 821 1396 Scotum,
837 1363 967 1401 Sophiam
982 1364 1117 1401 depinge:
1140 1364 1271 1401 Sophiam

544 1409 662 1446 Pingere
676 1408 728 1442 vis,
743 1408 857 1436 Scotum
872 1409 973 1446 pinge;
999 1410 1101 1447 Sophia
1116 1410 1222 1437 Scotus.

299 1474 507 1507 Summatim
532 1483 575 1506 ex
601 1473 730 1506 Matth.
758 1473 904 1506 Ferchio
929 1473 1093 1517 veglensi
1119 1475 1192 1506 loco
1216 1473 1357 1506 laudato
1383 1485 1460 1518 pag.
1488 1483 1600 1506 XLIX.

252 1530 326 1574 ejus
344 1530 460 1562 laudes
474 1540 684 1572 percurram.
738 1528 894 1561 Antonio
912 1529 1101 1562 Possevino
1118 1530 1281 1562 laudatur
1295 1534 1315 1548 ‘⁶
1329 1530 1454 1562 eximia
1471 1531 1603 1563 modes-

253 1586 311 1623 tia,
326 1585 487 1624 charitas,
504 1584 611 1617 animi
625 1584 840 1628 integritas.'’
876 1583 1061 1617 Guilielmo
1075 1584 1308 1629 Eisengrinio‚
1324 1590 1344 1604 ‘⁶
1359 1585 1435 1618 fidei
1450 1585 1603 1618 Catholi-

253 1651 310 1673 cae
323 1639 502 1683 professio,
517 1640 717 1672 exercitatio
730 1640 767 1671 in
780 1640 898 1672 divina
911 1640 1017 1684 lege.’'
1058 1639 1265 1678 Trithemio,
1281 1645 1300 1659 ‘⁵
1314 1641 1469 1673 studiosa
1482 1642 1604 1673 caeles-

250 1697 339 1729 tium
354 1696 605 1738 scripturarum
619 1696 799 1728 eruditio.''
835 1695 940 1728 Petro
954 1695 1150 1733 Tartareto,
1167 1700 1186 1713 ‘⁶
1200 1701 1417 1739 contemptus
1432 1697 1523 1729 vitae
1538 1707 1600 1739 pro

247 1752 388 1796 justitia
405 1756 438 1784 et
457 1752 662 1794 aequitate.”
711 1750 882 1784 Chronico
900 1751 1140 1790 Franciscano,
1160 1755 1180 1769 “
1197 1752 1412 1794 paupertatis
1430 1753 1604 1795 evangeli-

251 1818 310 1840 cae
324 1807 529 1850 opulentia.”
568 1806 662 1839 Guil.
677 1806 846 1844 Voriloni‚
861 1811 881 1824 ‘⁶
895 1817 1022 1851 magna
1034 1807 1246 1839 obedientiae
1260 1808 1474 1850 propensio.''
1520 1807 1604 1840 Bar-

252 1863 447 1896 tholomaeo
459 1862 596 1902 Pisano,
610 1867 630 1882 ‘⁶
641 1862 799 1895 educatio
810 1863 846 1894 in
857 1863 976 1894 divino
990 1863 1096 1900 cultu,
1108 1867 1142 1894 et
1155 1863 1324 1906 religiosis
1338 1863 1603 1896 functionibus.⁷’

253 1918 571 1962 Epigrammatario
582 1919 723 1956 incerto,
736 1922 757 1936 ‘⁶
769 1918 860 1950 vitae
871 1917 1087 1950 coelibatus.'’
1123 1918 1249 1961 Philip.
1263 1930 1282 1950 a
1293 1917 1378 1950 Sosa
1391 1923 1410 1936 ‘⁶
1423 1922 1533 1951 morte
1546 1929 1603 1949 ve-

254 1973 470 2011 nerabilem,”
487 1972 664 2006 Antonius
677 1973 835 2005 Andreas
854 1978 874 1991 ‘⁵
886 1974 1051 2006 memoria
1064 1973 1311 2011 benedictum?
1329 1972 1524 2006 Gonsalvus
1538 1973 1604 2006 Ge-

254 2028 379 2061 neralis
398 2033 417 2046 ‘⁵
436 2029 509 2062 vita
526 2028 761 2066 laudabilem‚''
780 2032 913 2061 vocant.
957 2028 1093 2072 Scripta
1109 2030 1184 2073 ejus
1201 2028 1224 2061 J
1226 2029 1315 2062 osias
1334 2028 1500 2062 Simlerus
1520 2029 1602 2062 haec

254 2088 433 2117 numerat:

397 2139 508 2182 Super
527 2139 721 2172 Sententias
1090 2140 1148 2173 lib.
1169 2149 1219 2172 1v.

398 2194 605 2232 Quodlibeta
1019 2189 1022 2194 ¹
1090 2195 1148 2228 lib.
1169 2205 1192 2228 1.

399 2249 452 2282 De
470 2249 674 2294 Cognitione
691 2249 756 2282 Dei
1092 2251 1151 2284 lib.
1172 2260 1195 2283 1.

399 2305 441 2338 In
458 2305 733 2349 Metaphysicam
751 2304 976 2343 Quaestiones
1090 2307 1148 2339 lib.
1169 2316 1192 2339 1.

889 2363 957 2393 2H
