1861 2682
266 268 306 299 74
639 267 865 299 HISTORIA
889 267 1252 300 ECCLESIASTICA

314 360 381 394 Sed
394 370 455 393 nec
468 360 595 392 deloco
609 360 806 402 sepulturae
820 359 903 391 satis
917 359 1145 401 exploratum.
1164 359 1363 403 Sigebertus
1383 369 1487 402 supra
1505 360 1622 394 lauda-

266 420 322 449 tus
341 415 472 449 Fuldae
489 415 709 448 inhumatum
727 413 853 457 prodit,
878 414 979 446 aliter
1000 412 1252 458 Egolismensis
1276 414 1465 448 monachus
1483 415 1520 448 in
1536 415 1621 449 Vita

266 471 381 504 Caroli
399 470 521 515 Magni
539 481 617 515 pag.
637 478 775 502 CCL111.
792 473 833 502 ut
850 468 1017 502 Pithoeus
1034 467 1163 501 edidit:
1190 472 1211 487 “
1228 468 1366 502 Tassilo
1387 474 1421 502 et
1439 469 1529 503 filius
1547 470 1623 503 the-

265 525 504 560 odo-monachi
530 525 612 558 facti
638 529 720 558 sunt
745 525 782 557 in
807 524 890 557 Olto
914 523 1132 562 monasterio,
1158 523 1219 556 ubi
1245 523 1391 557 Sanctus
1417 524 1621 559 Bonifacius

265 580 482 625 requiescit.'’
531 580 598 614 Sed
615 581 704 614 forte
721 579 952 613 reconciliatio
970 578 1116 621 petenda
1133 589 1203 612 non
1220 579 1434 613 incommode
1451 580 1495 613 ab
1512 581 1621 614 incer-

265 643 300 671 to
336 642 475 670 auctore
511 636 705 670 Annalium
742 634 989 668 Francicorum
1027 645 1047 667 a
1085 633 1232 668 Pithoeo
1269 635 1372 674 edito,
1414 636 1457 668 ad
1490 646 1621 669 annum

264 701 453 727 DCCCXIX.
481 696 501 711 “
520 691 597 725 Hoc
615 702 705 724 anno
723 690 864 723 basilica
881 688 916 722 S.
935 689 1107 723 Bonifacii
1121 690 1286 734 martyris
1303 691 1340 724 in
1358 691 1519 725 coenobio
1538 691 1621 724 Ful-

263 749 359 782 densi
383 748 426 781 ab
451 747 661 790 Heistulpho
687 746 941 788 archiepiscopo
967 745 1122 778 dedicata
1147 750 1199 778 est
1222 746 1260 779 in
1286 746 1450 780 honorem
1476 747 1619 780 Domini

263 803 463 841 Salvatoris‚
485 808 520 836 et
541 801 695 836 omnium
719 805 917 834 sanctorum
941 800 1039 844 ejus;
1066 802 1302 845 translataque
1325 807 1408 836 sunt
1431 813 1507 836 ossa
1530 813 1619 835 mar-

264 860 350 903 tyris
376 859 444 891 kal.
471 858 677 891 Novembr.'’
732 857 844 889 Nemo
870 867 909 889 eo
934 857 1049 899 plures
1076 856 1262 900 discipulos
1287 857 1420 897 habuit,
1446 859 1616 902 siquidem

262 914 377 953 Tecla‚
396 914 516 952 Lioba,
535 913 638 951 Boso,
657 912 854 950 Adelarius‚
873 911 1086 951 Guntherus‚
1106 911 1328 952 Hamundus,
1348 913 1617 951 Hildebrandus,

262 969 474 1008 Harwolfus,
499 969 694 1008 Adellerus,
723 968 948 1006 Sfierbaldus,
978 966 1172 1007 Wattarus,
1199 968 1387 1008 XValterus,
1416 968 1616 1013 Uttringus‚

260 1025 495 1063 Burchardus‚
522 1024 656 1063 Lullus,
683 1023 867 1067 sturmus„
884 1022 974 1061 Sola,
1001 1033 1119 1056 omnes
1143 1029 1343 1057 sanctorum
1365 1024 1442 1057 albo
1466 1025 1618 1067 ascripti,

259 1093 302 1114 ex
328 1082 402 1125 ejus
428 1080 543 1112 schola
568 1080 782 1122 prodierunt,
814 1082 950 1121 praeter
980 1089 1036 1111 eos
1066 1079 1126 1121 qui
1157 1079 1221 1112 hoc
1251 1090 1352 1122 opere
1381 1080 1617 1112 nominantur.

260 1137 431 1169 Trithem.
450 1135 508 1168 lib.
529 1144 587 1168 111.
605 1135 647 1167 de
665 1134 740 1167 Vir.
759 1133 920 1166 illustrib.
942 1133 1028 1166 Ord.
1042 1133 1088 1167 D.
1103 1134 1294 1168 Benedicti.
1313 1135 1420 1168 Plura
1434 1135 1498 1168 hoc
1516 1145 1617 1178 opere

260 1193 296 1225 in
321 1189 371 1224 W
368 1189 510 1235 irgfrido.

514 1303 549 1336 S.
576 1299 1224 1338 BONIFACIUSQUERITINUS.
1276 1303 1356 1334 131.

258 1417 318 1449 DE
334 1417 367 1449 S.
384 1415 563 1448 Bonifacio
577 1414 773 1452 Queritino,
787 1413 1039 1456 praeclarisque
1053 1413 1145 1456 apud
1160 1413 1279 1446 Scotos
1294 1413 1412 1457 gestis,
1427 1413 1532 1446 verba
1545 1413 1614 1446 suf-

258 1473 371 1505 ficient
392 1471 438 1504 H.
458 1471 582 1503 Boeth.
610 1480 651 1502 ex
677 1469 736 1502 lib.
756 1477 811 1501 IX.
837 1468 932 1501 Hist.
951 1468 1042 1502 Scot.
1066 1480 1145 1513 pag.
1165 1477 1322 1501 CLXXII.
1374 1473 1394 1487 “
1414 1468 1615 1502 Bonifacius

255 1528 471 1566 Queritinus,
490 1526 695 1559 venerabilis
715 1525 870 1562 antistes,
890 1535 967 1557 cum
986 1526 1121 1568 piorum
1147 1529 1246 1557 coetu
1270 1524 1411 1557 veniens
1435 1535 1477 1557 ex
1500 1524 1613 1564 Italia,

257 1583 398 1627 navigio
416 1584 451 1615 in
474 1582 587 1614 Taum
611 1580 821 1613 aestuarium
845 1580 989 1619 delatus,
1013 1581 1056 1612 ad
1080 1580 1197 1624 exigui
1221 1579 1374 1613 fluminis
1398 1580 1495 1618 ostia,
1520 1581 1613 1622 quod

257 1638 430 1672 Gouream
448 1638 623 1682 regionem
641 1646 734 1669 nunc
751 1640 842 1668 secat
860 1636 903 1668 ab
920 1635 1090 1680 Angusia,
1108 1637 1259 1679 primum
1277 1636 1313 1667 in
1332 1641 1458 1668 terram
1476 1637 1613 1668 descen-

257 1696 320 1727 dit.
373 1693 477 1726 Hunc
495 1693 633 1736 quidem
652 1695 850 1724 asseverant
867 1692 903 1724 in
922 1691 1093 1724 demortui
1111 1690 1270 1735 Gregorii
1288 1690 1422 1734 Magni,
1440 1691 1611 1733 pontificis

259 1748 420 1787 Romani,
444 1750 556 1782 locum
575 1747 767 1785 suffectum,
792 1747 887 1779 brevi
906 1747 1045 1779 cessisse
1062 1746 1275 1790 pontificatu,
1300 1751 1403 1789 atque
1420 1747 1463 1778 ad
1481 1746 1611 1785 Scotos,

257 1807 424 1849 populum
435 1805 558 1837 ultimo
573 1804 664 1837 orbis
676 1813 810 1835 recessu
824 1802 1062 1841 constitutum,
1076 1813 1171 1836 sacro
1185 1802 1345 1846 dogmate
1359 1801 1610 1835 confirmandos

257 1862 431 1905 trajecisse
443 1862 478 1893 in
486 1860 687 1897 Albionem3
700 1859 791 1891 inter
801 1857 978 1900 pontifices
990 1863 1105 1890 tamen
1116 1858 1285 1890 maximos
1294 1868 1314 1890 a
1326 1857 1492 1890 Romanis
1504 1857 1611 1900 scrip-

256 1917 389 1950 toribus
401 1917 460 1960 qui
472 1926 591 1949 eorum
603 1919 678 1948 acta
689 1915 725 1946 in
737 1914 810 1946 vita
821 1914 1020 1955 exitumque
1031 1913 1195 1951 scribunt,
1203 1923 1271 1945 non
1280 1913 1610 1956 numeratum‚quod

257 1973 358 2005 citius
375 1972 607 2005 sacratissimo
625 1981 660 2003 se
674 1970 881 2013 magistratu
898 1969 990 2000 ultro
1004 1968 1180 2007 abdicarit,
1195 1979 1299 2010 quam
1313 1972 1354 2001 ut
1366 1969 1551 2011 quicquam
1565 1969 1609 2001 ad

257 2032 411 2070 posteros
425 2027 654 2064 referendum,
668 2026 750 2057 dum
767 2024 861 2056 Petri
876 2027 1007 2056 teneret
1020 2024 1145 2061 sedem,
1157 2028 1330 2066 praestare
1344 2024 1506 2066 potuerit.
1542 2023 1608 2056 Sed

255 2083 412 2127 quisquis
424 2083 453 2114 is
464 2082 658 2120 fue1·it,sive
665 2079 865 2113 Bonifacius
873 2078 1025 2117 Tertius,
1033 2078 1211 2112 Saviniani
1219 2090 1402 2118 successor,
1409 2079 1467 2122 qui
1480 2079 1540 2111 vix
1553 2088 1606 2112 lx.

256 2148 389 2171 menses
404 2136 600 2169 Romanum
615 2136 722 2180 gessit
734 2134 982 2178 pontificatum,
995 2139 1034 2168 ut
1045 2135 1185 2177 quidam
1198 2136 1395 2178 opinantur,
1407 2135 1479 2167 sive
1491 2135 1534 2167 ab
1544 2135 1608 2168 hoc

256 2193 416 2238 pontifice
433 2192 558 2225 missus
575 2192 720 2236 legatus,
739 2195 773 2223 et
790 2190 833 2223 ob
850 2190 885 2221 id
903 2190 980 2222 rudi
994 2191 1121 2233 populo
1133 2201 1222 2233 papa
1235 2191 1395 2229 creditus,
1410 2190 1538 2234 insigni
1553 2190 1608 2223 vir

258 2251 397 2293 pietate,
408 2252 441 2281 et
453 2248 488 2280 in
500 2248 609 2280 literis
622 2247 726 2279 sacris
738 2246 892 2289 apprime
904 2246 1070 2284 eruditus,
1082 2247 1200 2279 multis
1216 2246 1351 2278 indiciis
1368 2246 1411 2278 ad
1425 2250 1543 2278 nostra
1557 2256 1606 2278 se-

255 2306 334 2338 cula
344 2310 395 2338 est
406 2304 549 2337 delatus.
564 2303 642 2342 Quo
653 2303 725 2336 loco
737 2302 863 2336 etenim
874 2302 910 2338 in
922 2306 1048 2335 terram
1060 2301 1243 2341 descendit,
1255 2302 1421 2345 templum
1433 2300 1475 2333 D.
1489 2300 1603 2339 Petro,
