1861 2682
620 264 791 297 GENTIS
816 261 1085 300 SCOTORUM,
1109 261 1197 292 LIB.
1220 261 1282 292 ΙΙΙ.
1568 261 1629 290 187

272 358 458 392 fluentibus
476 358 704 400 undecunque
722 356 766 389 ad
783 355 918 389 scholae
936 358 1179 388 ornamentum
1204 358 1238 387 et
1260 352 1346 386 viris
1370 351 1627 389 literatissimis‚

271 420 305 447 et
322 414 539 447 auditoribus
555 412 828 446 modestissimis.
877 411 977 444 Hect.
993 411 1117 444 Boeth.
1133 410 1191 443 lib.
1208 418 1290 443 XVI.
1306 409 1439 453 pagina
1452 416 1627 440 CCCXLII.

272 470 387 503 Multa
405 470 554 512 scripsit.

417 525 587 558 Paratitla
620 525 866 563 Decretalium‚
909 535 997 567 quae
1039 522 1170 555 fatetur
1211 533 1247 555 se
1290 521 1418 555 vidisse
1456 520 1628 552 Henricus

464 581 693 625 Scrimgerus‚
724 581 823 625 cujus
852 580 1008 622 exemplo
1037 578 1128 611 idem
1159 589 1245 622 opus
1281 588 1393 622 nuper
1429 576 1629 620 procuravit

462 636 664 669 Alexander
681 637 919 669 Chassanaeus
938 635 1130 667 Parisinus.

415 693 587 726 Reductio
604 694 758 725 locorum
776 692 915 725 Decreti
933 690 1103 729 Gratiani,
1121 690 1158 723 in
1175 690 1307 724 Biblio-

464 748 561 781 theca
574 748 736 792 juridica,
1287 746 1346 779 lib.
1368 756 1391 780 1.

414 803 468 837 De
485 803 649 837 Censuris
668 803 854 836 Tractatus
1283 803 1344 836 lib.
1364 811 1388 835 Ι.

416 859 469 892 De
489 859 825 902 praescriptionibus
844 860 881 892 in
899 860 1050 893 Materia
1067 858 1254 892 beneficiali
1286 858 1345 892 lib.
1366 868 1391 892 1.

417 915 471 948 De
488 915 511 947 J
514 915 612 948 udice
629 915 786 959 delegato
1287 915 1346 947 lib.
1367 924 1391 947 1.

418 971 463 1004 In
486 971 648 1004 Titulum
671 971 712 1003 de
731 971 822 1004 Foro
843 972 1051 1014 competenti
1077 971 1296 1004 Commenta-

469 1028 663 1070 rius,quem
675 1027 794 1060 laudat
806 1028 932 1061 alicubi
943 1027 1160 1072 Eguinarius
1173 1026 1277 1066 Baro,
1289 1027 1348 1060 lib.
1369 1036 1392 1059 1.

415 1083 600 1116 Orationes
1288 1084 1347 1116 lib.
1368 1092 1392 1116 Ι.

321 1139 453 1172 Docere
473 1139 623 1181 incoepit
641 1149 732 1172 anno
751 1148 941 1173 MCCCCXI.
959 1140 1099 1183 quando
1117 1140 1251 1179 obierit,
1270 1150 1340 1173 non
1357 1140 1533 1184 deprendi.

634 1249 794 1283 DAVID
821 1249 1136 1284 CRANSTOUN.
1189 1254 1255 1285 341
1262 1278 1269 1284 .

272 1363 407 1396 DAVID
435 1363 645 1401 Cranstoun,
677 1374 775 1395 rarae
802 1363 998 1406 probitatis,
1026 1368 1061 1396 et
1090 1364 1199 1398 felicis
1227 1366 1369 1410 ingenii,
1397 1367 1486 1399 dura
1515 1371 1549 1399 et
1579 1377 1636 1398 ex-

272 1420 378 1452 ercita
401 1420 589 1463 juventute
618 1419 788 1452 laboriose
818 1418 925 1452 bonas
959 1424 1050 1452 artes
1085 1420 1248 1454 Lutetiae
1278 1421 1410 1461 didicit,
1441 1433 1480 1455 ac
1513 1422 1636 1454 deinde

272 1476 390 1508 docuit
411 1486 538 1519 magna
561 1475 664 1508 fama.
718 1475 814 1508 Inter
831 1475 1065 1509 benefactores
1084 1475 1230 1521 Collegii
1251 1477 1479 1511 Montisaeuti
1502 1479 1638 1521 reponi-

273 1537 342 1570 tur,
368 1532 460 1574 quod
486 1542 712 1574 quaecunque
737 1542 780 1564 ex
803 1531 1047 1565 honestissimo
1071 1533 1187 1566 labore
1214 1533 1438 1576 professionis
1462 1535 1512 1567 illi
1536 1535 1639 1567 obve-

273 1592 407 1626 nerant,
434 1591 643 1620 testamento
669 1588 823 1631 ejusdem
852 1588 916 1621 loci
943 1589 1154 1631 pauperibus
1185 1591 1338 1634 reliquit,
1364 1602 1512 1633 quorum
1539 1602 1639 1633 asper

273 1643 357 1675 adeo
381 1644 493 1676 victus
522 1647 585 1681 est,
608 1648 648 1676 ut
671 1644 758 1676 nulli
782 1644 944 1677 ordinum
969 1644 1002 1677 S.
1026 1644 1070 1677 R.
1096 1645 1139 1678 E.
1166 1647 1409 1690 religiosorum
1435 1648 1637 1690 disciplinae

273 1700 519 1732 ecclesiasticae
537 1700 721 1732 severitate
739 1710 809 1733 non
826 1705 969 1734 certent.
1022 1701 1080 1735 Ab
1098 1713 1137 1735 eo
1155 1703 1227 1735 vidi
1246 1703 1438 1746 publicatas
1457 1703 1613 1741 Parisiis,

418 1755 603 1788 Orationes
1294 1758 1352 1792 lib.
1374 1768 1397 1791 1.

417 1811 548 1844 Votum
566 1812 609 1844 ad
628 1812 671 1844 D.
692 1812 944 1857 Kentigernum
1292 1815 1351 1848 lib.
1372 1824 1396 1847 1.

420 1867 597 1910 Epistolas
1291 1871 1350 1904 lib.
1371 1881 1395 1903 Ι.

324 1922 587 1956 Testamentum
607 1925 760 1958 condidit
785 1937 876 1959 anno
896 1935 1032 1959 MDXII.
1084 1927 1105 1959 J
1109 1927 1234 1960 acobus
1258 1927 1435 1961 Breullius
1457 1927 1635 1972 Antiquit.

278 1979 444 2011 Parisien.
471 1979 530 2012 lib.
552 1988 592 2012 11.
618 1992 698 2025 pag.
727 1990 957 2015 DCLXXXIX.
1010 1982 1144 2015 Mentio
1171 1983 1276 2016 etiam
1302 1983 1338 2015 in
1365 1984 1450 2016 actis
1476 1986 1631 2017 rectoriis

276 2040 309 2067 et
328 2036 573 2077 procuratoriis
592 2037 746 2080 ejusdem
764 2039 968 2072 academiae.

589 2147 807 2182 JACOBUS
833 2149 1187 2186 CRICHTONIUS.
1239 2155 1319 2186 342.

277 2258 453 2291 JACOBUS
487 2259 720 2298 erichtonius,
755 2261 828 2294 sive
862 2261 1052 2302 Critonius,
1087 2265 1216 2298 illustri
1251 2266 1383 2298 familia
1418 2266 1543 2299 Clunia
1582 2279 1639 2300 na-

278 2319 344 2352 tm,
379 2314 413 2346 in
442 2315 556 2357 patrio
583 2316 766 2359 gymnasio
800 2317 912 2360 prima
948 2318 1132 2353 Musarum
1168 2322 1340 2364 stipendia
1375 2324 1512 2361 meruit,
1549 2323 1638 2361 inde,
