1861 2682
896 266 935 305 iv

241 370 361 409 minis
380 382 510 408 mores
530 367 845 421 repraesentavit
863 367 991 407 Janus
1012 367 1154 406 Nicius
1174 366 1436 419 Erythraeus,
1468 367 1586 406 Pina-

243 433 430 471 cothecae
452 431 682 483 Imaginum
703 429 924 469 illustrium
946 430 1166 469 Doctrinae
1185 429 1249 468 vel
1270 429 1430 481 Ingenii
1447 429 1588 468 Laude

244 494 435 533 Virorum
459 499 554 532 tom.
575 493 600 531 i.
624 506 662 544 p.
682 496 744 531 24.
802 497 822 515 “
842 492 940 530 Fuit
959 492 1057 530 haec
1077 505 1233 544 semper
1253 497 1439 530 constans
1459 491 1589 530 omni-

243 570 313 594 um
347 556 430 594 fere
463 555 675 593 hominum
707 554 854 606 opinio,
886 567 979 592 eum
1010 567 1094 593 esse
1125 554 1176 592 ad
1209 552 1419 592 literarum
1453 553 1589 592 studia

243 618 505 670 aptissimum,
526 617 596 669 qui
617 617 669 655 sit
684 616 968 668 quietissimus,
989 622 1030 654 et
1049 616 1098 654 ab
1118 615 1301 654 omnium
1322 615 1589 653 certaminum

244 679 504 718 contentione
524 678 836 722 remotissimus3
866 678 977 729 quod
996 677 1208 716 mitissima
1236 677 1449 715 Musarum
1476 677 1589 715 natio

244 755 326 780 non
346 742 494 780 audeat
513 741 565 780 ad
584 754 677 779 eum
698 740 896 785 accedere,
916 740 980 778 cui
996 739 1171 778 immane
1187 753 1232 778 ac
1248 739 1361 777 ferox
1377 738 1588 790 ingenium

244 817 267 841 a
304 809 450 842 natura
487 802 712 854 contigerit.
775 802 863 848 Sed,
897 801 1033 840 nescio
1066 815 1148 853 quo
1185 806 1313 853 pacto,
1344 800 1419 839 hac
1451 806 1589 839 nostra

245 871 387 911 aetate,
406 864 752 903 mansuetissimae
768 863 861 902 illae
876 877 1039 910 sorores,
1055 877 1212 902 summa
1227 863 1351 902 animi
1367 862 1588 909 voluntate,

245 926 476 979 complexae
507 933 603 965 sunt
633 926 835 965 Thomam
864 926 1153 977 Dempsterum
1180 926 1356 971 Scotum,
1381 924 1589 963 hominem

244 988 396 1028 factum
416 989 468 1027 ad
487 988 593 1027 bella
612 994 653 1027 et
673 988 977 1032 contentiones3
1007 987 1158 1039 quippe
1187 987 1258 1039 qui
1284 986 1427 1025 leviter
1456 1001 1498 1025 re
1526 985 1590 1024 vel

245 1052 366 1089 verbo
400 1051 617 1097 lacessitus,
649 1051 843 1089 continuo
877 1050 928 1088 ad
962 1063 1072 1087 arma
1107 1049 1295 1100 rixasque
1330 1049 1589 1093 decurreret3

247 1112 407 1151 nullum
428 1113 555 1152 ferme
575 1113 694 1158 diem,
714 1126 737 1150 a
762 1111 1129 1150 concertationibus
1160 1124 1343 1156 vacuum,
1371 1110 1590 1162 praeterire

246 1175 424 1219 sinebat3
454 1175 555 1227 quin
586 1173 784 1220 videlicet,
819 1187 910 1212 cum
945 1172 1083 1225 aliquo
1117 1171 1180 1210 vel
1210 1172 1316 1210 ferro
1345 1172 1590 1219 decerneret,

246 1236 320 1283 vel,
346 1237 378 1275 si
408 1237 561 1275 ferrum
587 1237 723 1274 minus
752 1240 995 1287 suppeteret,
1022 1234 1169 1286 pugnis
1195 1247 1281 1272 rem
1311 1240 1472 1285 ageret3
1507 1248 1589 1286 quo

245 1299 377 1345 fiebat,
397 1305 445 1337 ut
465 1304 567 1337 esset
588 1298 827 1350 paedagogis
848 1296 1035 1335 omnibus
1062 1294 1337 1334 formidabilis.
1395 1297 1472 1334 Sed
1498 1303 1588 1335 tum

244 1361 286 1399 in
306 1361 447 1412 primis
467 1374 629 1398 saevum
657 1365 698 1398 et
723 1359 972 1411 impavidum
1003 1371 1122 1396 suum
1151 1357 1332 1396 animum
1362 1357 1589 1405 declaravit,

245 1436 338 1461 cum
358 1436 381 1461 a
396 1422 629 1473 Grangerio‚
645 1420 826 1473 Collegio
842 1419 1132 1459 Bellovassensi
1153 1420 1366 1472 praefecto,
1382 1434 1504 1472 quem
1521 1435 1589 1460 ne-

243 1484 353 1536 gotia
386 1484 605 1522 domestica
639 1483 800 1522 Parisiis
828 1482 1032 1521 discedere
1061 1481 1221 1533 alioque
1250 1482 1446 1534 proficisci
1476 1497 1589 1535 coge-

244 1547 354 1593 bant,
372 1545 553 1584 muneris
573 1546 634 1583 sui
656 1545 826 1583 vicarius
841 1545 1087 1584 constitutus
1103 1550 1172 1582 est.
1211 1543 1318 1582 Nam
1334 1543 1590 1592 adolescenti,

243 1608 315 1660 qui
335 1609 488 1647 socium
509 1608 559 1646 ad
580 1606 782 1659 singulare
803 1613 1004 1646 certamen
1025 1612 1318 1658 provocaverat,
1338 1607 1518 1646 demissis
1538 1608 1589 1646 ad

244 1669 369 1709 calces
390 1669 660 1715 femoralibus,
675 1670 911 1721 robustique
928 1669 1102 1708 hominis
1117 1669 1297 1708 humeris
1314 1669 1429 1716 elato,
1448 1670 1489 1708 in
1506 1684 1590 1708 om·

244 1733 359 1770 nium
380 1737 608 1784 conspectu,
629 1730 778 1769 multas
798 1730 935 1783 plagas
955 1731 1172 1784 imposuit;
1202 1746 1324 1783 quam
1352 1731 1421 1770 ille
1447 1738 1589 1770 contu-

244 1793 406 1832 meliam
427 1807 520 1832 cum
540 1793 643 1831 ferre
669 1807 750 1831 non
780 1799 924 1844 posset,
951 1807 996 1832 ac
1024 1800 1237 1846 propterea
1264 1794 1467 1833 vindicare
1497 1808 1589 1833 con-

245 1855 452 1901 stituisset,
473 1855 538 1893 die
558 1855 734 1906 quodam
755 1860 836 1893 tres
862 1855 967 1893 viros
997 1855 1162 1902 nobiles,
1189 1861 1378 1907 cognatos
1407 1870 1510 1903 suos,
1539 1871 1587 1896 ex

244 1917 347 1968 regis
386 1917 561 1969 corporis
600 1917 843 1962 custodibus,
878 1917 919 1955 in
951 1916 1108 1969 collegii
1143 1918 1260 1955 aedes
1293 1917 1533 1964 introduxit,
1565 1933 1589 1957 a

245 1979 392 2030 quibus
413 1979 629 2031 Dempster
650 1992 741 2017 cum
764 1979 843 2017 vim
866 1979 939 2017 sibi
966 1979 1097 2031 parari
1130 1978 1406 2026 intellexisset,
1433 1981 1590 2019 vocavit

245 2041 369 2079 socios
389 2041 440 2079 ad
460 2054 579 2087 arma,
601 2054 820 2092 omnesque
847 2040 1003 2092 collegii
1030 2039 1202 2079 famulos
1227 2042 1348 2093 jussit
1374 2055 1466 2080 cum
1496 2042 1588 2081 telis

247 2116 462 2141 accurrere.
520 2102 597 2140 Sed
626 2108 744 2140 antea
773 2101 936 2140 illorum
962 2117 1096 2155 equos,
1125 2117 1219 2155 prae
1243 2103 1396 2142 foribus
1425 2104 1586 2142 aedium

248 2164 416 2210 relictos,
451 2164 744 2203 trucidaverat:
776 2170 818 2202 at
851 2178 1056 2203 servorum
1087 2164 1312 2203 multitudo
1344 2172 1497 2204 armata
1530 2166 1587 2204 ita

247 2225 346 2272 illos,
370 2226 439 2278 qui
466 2227 550 2278 jam
577 2226 658 2264 irae
684 2226 912 2278 furorisque
938 2226 1048 2278 pleni
1078 2227 1119 2265 in
1149 2227 1405 2280 peristylium
1435 2228 1587 2280 irrupe-

247 2294 349 2334 rant,
370 2288 645 2334 circumstetit,
661 2288 797 2340 itaque
813 2288 1028 2328 formidine
1044 2288 1269 2342 complevit,
1286 2296 1332 2329 ut
1348 2296 1587 2341 cogerentur
