1861 2682
242 265 262 294 6
617 263 841 297 HISTORIA
864 265 1226 299 ECCLESIASTICA

675 412 711 445 S.
738 411 1087 446 ADALBERTUS.
1140 416 1172 446 5.

249 525 283 557 S.
302 524 587 563 ADALBERTUS,
612 525 688 558 aliis
714 524 935 562 Adelbertus‚
962 524 1081 569 Belgis
1107 529 1261 558 sanctam
1285 536 1424 569 operam
1450 529 1605 566 navavit,

249 591 351 623 quem
378 580 518 614 Scotum
542 580 686 614 Natales
710 580 844 613 Molani
867 580 1065 613 ostendunt.
1090 579 1263 613 Bonifacii
1287 580 1380 614 Scoti
1404 582 1605 626 discipulus,

249 647 287 669 ac
305 636 365 669 SS.
385 636 462 669 albo
480 637 660 680 ascriptus.
712 636 884 668 Trithem.
903 635 963 668 lib.
983 644 1041 668 111.
1060 636 1102 668 de
1115 634 1191 668 Vir.
1210 635 1336 669 illustr.
1353 636 1476 670 Ordin.
1491 638 1525 671 S.
1541 639 1608 672 Be—

247 693 375 726 nedicti
393 703 466 736 cap.
482 701 680 725 ccxxvnl.
698 697 733 725 et
749 692 807 724 lib.
829 700 879 723 IV.
899 700 971 732 cap.
987 697 1090 722 ccvl.
1127 688 1264 722 Relicta
1276 691 1355 723 sede
1368 701 1430 724 sua
1445 691 1608 725 Hieroso-

246 751 359 792 lymas
383 748 558 792 cogitavit,
583 748 641 780 sed
665 747 834 779 divinitus
859 744 1056 779 admonitus
1079 745 1193 777 Roma
1215 745 1328 784 rediit,
1347 751 1381 779 et
1399 758 1461 790 pro
1479 748 1544 780 fide
1563 748 1606 780 ab

248 804 442 837 infidelibus
469 813 597 841 caesus,
625 802 812 835 Benedicto
835 801 897 835 VI.
922 800 1093 843 pontifice,
1117 805 1152 833 et
1175 800 1314 834 Othone
1341 802 1407 835 III.
1432 803 1607 847 Augusto,

249 859 380 892 Culeno
403 870 475 891 rem
502 858 671 892 Senticam
697 858 973 890 administrante.
1025 856 1189 889 Meminit
1206 857 1281 901 ejus
1300 857 1372 891 Leo
1389 857 1606 892 Marsicanus

249 915 431 948 cardinalis
460 915 517 947 lib.
551 922 591 946 11.
625 914 718 947 Hist.
751 913 866 946 Casin.
895 923 968 955 cap.
998 920 1098 945 XVII.
1149 911 1290 945 Scotum
1320 912 1427 946 fuisse
1457 915 1605 947 declarat

248 971 451 1013 opusculum
485 969 561 1003 MS.
597 970 632 1002 in
667 970 872 1003 bibliotheca
907 968 1007 1001 Pauli
1049 967 1185 1001 Petavii
1226 970 1393 1002 senatoris
1435 969 1607 1002 Parisien-

249 1027 295 1058 sis
312 1036 319 1058 :

392 1081 445 1114 De
463 1081 582 1114 divina
600 1081 842 1113 Misericordia
859 1079 1039 1112 Adelberti
1057 1079 1150 1111 scoti
1298 1079 1357 1112 lib.
1378 1088 1402 1111 1.

297 1137 432 1169 Floruit
451 1147 542 1169 anno
560 1144 702 1169 DceLV.
729 1136 912 1168 Praeterea
935 1134 969 1166 S.
996 1134 1161 1166 Hieronis
1185 1134 1336 1167 concivis
1358 1135 1487 1167 dicitur
1504 1146 1523 1167 a
1541 1135 1607 1167 Re-

251 1203 333 1225 nero
351 1192 442 1225 Snoo
460 1192 519 1225 lib.
540 1200 575 1224 V.
595 1191 677 1224 Rer.
697 1191 894 1223 Batavicar.
913 1201 994 1234 pag.
1015 1198 1096 1222 LVI.
1123 1189 1213 1222 Vide
1235 1190 1294 1223 lib.
1314 1198 1400 1222 VIII.
1424 1190 1515 1223 infra
1538 1191 1604 1223 hic.

251 1248 385 1280 Colitur
402 1248 437 1280 in
457 1247 641 1291 Egmonda
660 1255 756 1279 xxv.
773 1246 796 1278 J
799 1246 881 1279 unii.
932 1244 1061 1277 Uvion.

730 1357 763 1389 S.
789 1356 1040 1390 ADELMUS.
1091 1355 1124 1389 6.

248 1472 281 1503 S.
310 1470 522 1509 ADELMUS,
554 1471 627 1503 sive
658 1468 863 1507 Adhelmus,
893 1468 966 1501 sive
997 1468 1218 1507 Anthelmus,
1247 1469 1306 1501 sed
1336 1474 1370 1501 et
1395 1469 1604 1507 Althelmus,

247 1531 473 1571 cognomento
488 1525 692 1563 Bladuinus,
711 1529 782 1562 aut,
797 1528 837 1556 ut
852 1524 1026 1556 nonnullis
1042 1523 1400 1562 visum,.Durobellus.
1421 1529 1442 1543 “
1455 1524 1605 1558 Sanctis-

247 1583 355 1614 simus
374 1587 408 1614 et
431 1581 685 1614 eruditissimus
708 1580 883 1612 Saxonum
908 1579 1076 1622 praesul.”
1124 1579 1226 1612 Joan.
1250 1591 1270 1612 a
1293 1579 1444 1613 Chokier
1467 1581 1525 1614 lib.
1551 1590 1603 1613 lv.

249 1637 417 1670 Thesaur.
434 1637 537 1669 Polit.
553 1647 623 1679 cap.
639 1645 679 1668 11.
715 1635 787 1668 Jac.
804 1634 944 1667 Lectius
958 1634 1061 1667 Notis
1076 1635 1119 1667 ad
1133 1634 1387 1679 Epigrammat.
1403 1642 1436 1669 et
1452 1636 1603 1669 Poemat.

249 1698 366 1725 vetera
383 1704 460 1736 pag.
481 1700 617 1724 CXCIX.
637 1695 658 1709 “
671 1690 847 1724 Aldhelmi
863 1689 955 1722 Scoti
969 1689 1181 1735 Aenigmata
1197 1701 1266 1722 non
1284 1691 1483 1733 putavimus
1502 1692 1603 1724 eden-

248 1748 322 1780 da.''
373 1748 500 1780 Graece
519 1747 711 1789 Latineque
729 1756 835 1788 supra
852 1756 925 1777 eam
945 1750 1093 1778 aetatem
1111 1745 1278 1778 eruditus.
1330 1745 1364 1778 S.
1384 1746 1515 1779 Kiliani
1534 1748 1602 1779 dis-

248 1804 382 1846 cipulus
400 1804 435 1835 in
456 1802 586 1847 Anglia
603 1801 756 1840 florebat,
781 1802 830 1834 ait
855 1801 1065 1845 Sigebertus,
1091 1812 1181 1834 anno
1200 1809 1361 1833 DCXCIV.
1389 1802 1601 1835 Coenobium

249 1860 304 1891 hic
335 1858 643 1891 Mahnesburiense
672 1857 708 1889 in
738 1856 869 1901 Anglia
898 1857 953 1899 pie
983 1856 1097 1895 abbas,
1129 1856 1324 1898 Maldulphi
1351 1857 1443 1889 Scoti
1470 1868 1602 1890 succes-

251 1926 317 1953 sor,
338 1915 448 1947 rexit:
475 1913 727 1946 Maildulbense
745 1917 855 1951 vocat,
875 1918 909 1945 et
926 1912 962 1944 in
980 1911 1095 1944 Scotia
1118 1912 1258 1944 collocat
1282 1911 1452 1945 Trithem.
1477 1913 1536 1946 lib.
1561 1914 1602 1946 de

249 1971 373 2013 Script.
405 1970 601 2002 Ecclesiast.
633 1980 710 2013 pag.
743 1977 920 2001 CCXLVII.
951 1966 1043 1999 Nam
1072 1978 1150 2000 cum
1181 1967 1217 1999 in
1253 1966 1364 2006 Italia,
1401 1967 1597 2007 Germania,

252 2026 430 2068 Galliaque
457 2025 499 2058 ab
524 2026 665 2057 ineunte
691 2029 803 2057 aetate
829 2023 969 2066 optimis
999 2023 1132 2056 artibus
1162 2023 1385 2061 incubuisset,
1416 2024 1466 2056 ita
1495 2026 1601 2057 musi-

250 2092 303 2114 ces
329 2086 363 2114 et
388 2081 535 2124 poetices
562 2081 678 2113 studia
703 2079 866 2117 exercuit,
893 2084 933 2111 ut
958 2089 1027 2111 non
1052 2079 1167 2111 minus
1194 2079 1284 2111 inter
1313 2079 1600 2113 celebratissimos

249 2138 302 2170 sui
328 2137 404 2169 aevi
430 2136 607 2180 theologos
633 2134 827 2168 haberetur.
879 2134 994 2172 Quare
1021 2133 1101 2166 Inas
1132 2134 1393 2168 occidentalium
1424 2134 1600 2168 Saxonum

250 2203 310 2226 rex
336 2203 413 2224 eum
440 2202 566 2235 magno
592 2192 664 2223 loco
690 2190 833 2229 habuit3
861 2191 959 2234 cujus
985 2189 1092 2222 filium
1120 2190 1201 2223 facit
1228 2190 1456 2234 impudenter,
1481 2196 1521 2224 ut
1547 2202 1600 2224 so-

250 2250 306 2286 let,
325 2253 358 2281 et
375 2248 470 2280 nullo
488 2252 636 2284 auctore,
660 2245 811 2279 Joannes
835 2245 1061 2290 Capgravius,
1086 2247 1212 2289 aliique
1235 2247 1309 2291 ejus
1333 2247 1465 2280 farinae
1481 2247 1598 2280 haere-

252 2305 334 2337 tici:
361 2304 430 2337 imo
456 2314 473 2335 e
500 2302 614 2336 scotia
639 2313 716 2335 cum
743 2301 775 2334 S.
804 2301 1010 2344 Maidulpho
1036 2313 1203 2346 egressus,
1227 2303 1473 2345 discipulorum
1491 2302 1599 2345 ipsius
