1861 2682
261 251 299 279 14-
630 248 856 281 HISTORIA
881 248 1240 280 ECCLESIASTICA

262 341 407 386 Anglos,
438 351 556 374 omnes
585 341 740 373 omnium
770 341 927 385 gentium
955 341 1150 382 scriptores,
1183 345 1218 373 et
1245 344 1321 373 acta
1356 338 1457 373 MSS.
1494 341 1609 373 acade-

265 398 353 430 miae
371 397 587 435 Parisiensis,
603 396 731 439 quibus
748 400 883 429 constat
899 405 1086 428 assessores
1104 399 1241 428 tantum
1258 399 1409 437 quatuor
1425 394 1550 428 habere
1567 396 1611 428 ab

262 453 364 486 initio
380 452 532 492 solitum,
552 452 612 495 qui
628 457 867 495 procuratores
885 452 991 495 vulgo
1013 450 1107 488 dicti,
1132 449 1279 488 Scotiae,
1297 449 1475 489 Franciae,
1495 450 1611 483 Picar-

260 509 346 547 diae,
369 513 404 541 et
422 507 655 547 Normaniae3
682 507 849 550 paulatim
867 507 1001 544 deinde,
1018 511 1059 539 ut
1075 505 1124 543 fit,
1142 506 1242 550 gravi
1260 505 1364 538 exilio
1381 505 1554 538 academia
1571 517 1610 539 ea

260 564 327 596 sub
351 563 520 596 Ludovici
546 563 601 595 Pii
627 563 858 606 impubertate
882 561 1019 601 afflicta,
1048 571 1124 594 cum
1150 560 1285 593 tardius
1315 559 1409 593 Scoti
1434 562 1611 594 convenis-

258 625 345 658 sent,
364 619 472 664 Angli
491 619 631 652 titulum
650 628 918 661 praesumpsere,
939 621 978 650 ut
995 628 1083 660 quae
1100 617 1196 659 prius
1214 616 1309 649 natio
1326 615 1459 649 Scotiae
1476 617 1609 650 diceba-

261 681 329 713 tur,
347 675 542 719 Anglicana
559 674 800 716 appellaretur,
817 683 910 705 nunc
927 683 1008 705 vero
1027 672 1232 705 Germanica
1255 672 1363 711 audit,
1388 672 1425 704 in
1448 673 1610 705 uitimum

260 732 371 763 locum
389 730 535 774 rejecta:
562 740 650 771 quae
667 729 783 761 omnia
800 739 842 761 ex
860 728 944 761 actis
962 728 1116 771 ejusdem
1139 727 1290 761 nationis
1316 727 1418 760 MSS.
1445 729 1609 770 excerpsi.

258 786 317 818 Ad
350 786 442 824 haec,
472 796 492 817 a
521 784 642 827 primis
671 784 743 816 suis
777 783 993 816 incunabulis
1027 784 1200 816 academia
1229 784 1297 816 ista
1325 783 1443 817 Scotos
1477 794 1611 826 semper

263 841 534 874 eminentissimo
563 840 636 872 loco
666 838 875 882 professores
905 838 994 872 fovit
1022 839 1060 872 in
1091 838 1296 872 hodiernum
1321 840 1423 872 diem.
1475 838 1541 871 Sed
1567 839 1611 870 ad

260 897 446 930 Alcuinum
465 900 665 933 nostratem,
683 894 836 937 primum
853 895 959 938 hujus
976 895 1169 928 academiae
1185 899 1375 938 parentem,
1391 895 1503 927 redeo.

310 952 350 985 In
377 951 551 984 Francicis
577 950 770 989 annalibus,
798 955 832 982 et
854 950 946 993 apud
970 950 1211 994 Rheginonem
1237 949 1475 983 Prumiensem
1501 948 1610 982 Alah-

259 1009 382 1046 winus,
409 1019 429 1040 a
453 1007 627 1040 nonnullis
653 1005 826 1044 Alwinus,
851 1006 887 1038 id
913 1010 975 1045 est,
1001 1006 1154 1048 undique
1177 1017 1251 1038 rem
1277 1016 1392 1049 agenS‚
1418 1009 1459 1038 ut
1476 1004 1610 1038 Pontus

259 1063 435 1096 Heuterus
453 1063 489 1095 in
507 1062 648 1105 Etymis
665 1061 791 1104 prodit.
820 1060 991 1094 Henricus
1009 1061 1170 1094 Canisius
1187 1061 1277 1094 male
1293 1061 1482 1105 Anglicum
1499 1064 1609 1098 vocat,

258 1120 353 1151 nullo
371 1122 574 1162 argumento
592 1117 772 1160 probabili,
800 1127 878 1149 cum
904 1115 1026 1150 Scotus
1048 1116 1165 1155 fuerit,
1191 1120 1230 1149 ut
1249 1116 1403 1159 plerique
1421 1116 1479 1148 alii
1503 1127 1542 1148 eo
1559 1126 1608 1148 se-

259 1174 345 1212 culo,
364 1173 512 1206 Eboraci
531 1174 565 1205 in
584 1173 714 1217 Aug-lia
731 1172 897 1205 nutritus.
948 1171 1180 1204 Continuator
1196 1171 1311 1203 Bedae
1328 1171 1386 1203 lib.
1405 1172 1518 1213 primo
1534 1181 1606 1213 cap.

260 1239 313 1262 IX.
364 1229 480 1266 Quare
498 1229 570 1271 ipse
588 1230 688 1271 epist.
708 1237 794 1261 XXI.
813 1228 994 1260 educatum
1013 1237 1049 1259 se
1066 1226 1214 1259 Eboraci
1238 1226 1376 1258 videtur
1396 1226 1549 1264 innuere,
1574 1231 1607 1258 et

257 1286 356 1329 epist.
377 1293 490 1317 XXIV.
517 1284 583 1317 Sed
601 1289 717 1317 tamen
733 1284 777 1316 ad
794 1283 913 1316 Scotos
930 1282 1081 1315 scribens
1099 1282 1320 1314 vernaculum
1337 1292 1374 1314 se
1393 1286 1491 1315 vocat
1508 1281 1606 1324 epist.

261 1349 372 1374 XXVI.
396 1350 584 1382 rursusque
606 1340 698 1382 apud
721 1338 1064 1371 Malmesburiensem
1082 1337 1140 1369 lib.
1162 1345 1186 1369 1.
1211 1336 1307 1369 Gest.
1325 1336 1432 1381 Angl.
1460 1348 1532 1380 cap.
1551 1346 1606 1369 111.

260 1402 279 1416 ‘⁶
298 1395 376 1440 Ego
393 1395 557 1438 parabam
575 1395 617 1426 ad
637 1404 698 1426 vos
716 1394 844 1432 venire,
868 1394 904 1425 in
921 1393 1070 1435 patriam
1087 1393 1215 1425 reverti
1231 1392 1259 1424 :³³
1285 1392 1319 1425 id
1346 1403 1418 1425 esse
1444 1392 1605 1428 scotiam.

261 1454 416 1486 oculatus
433 1452 539 1484 lector
556 1449 655 1482 facile
667 1449 848 1493 judicabit.

308 1507 529 1540 Hermannus
547 1505 772 1544 Kirchnerus,
790 1505 848 1537 lib.
865 1513 905 1537 11.
920 1505 962 1537 de
976 1504 1099 1548 Legati
1112 1503 1135 1535 J
1138 1514 1208 1542 ure,
1223 1503 1414 1548 Dignitate,
1429 1509 1462 1537 et
1476 1504 1607 1542 Officio,

259 1575 330 1606 cap.
351 1572 404 1595 IX.
433 1567 453 1581 ‘⁶
472 1562 660 1594 Alcuinum
688 1560 801 1604 (cujus
826 1564 1089 1593 monumentum
1115 1564 1149 1592 et
1174 1560 1369 1592 ossuarium
1393 1561 1507 1603 patria
1531 1571 1606 1593 mea

260 1619 456 1652 Hersfeldia
486 1618 647 1655 ostendit,
677 1616 714 1648 in
744 1616 984 1659 antiquissima
1018 1615 1142 1659 regalis
1172 1626 1210 1647 ac
1240 1620 1418 1658 exemptae
1450 1615 1607 1649 abbatiae

260 1675 407 1711 ecclesia,
438 1685 525 1716 quae
550 1673 668 1706 eodem
694 1683 784 1704 anno
809 1683 878 1715 quo
904 1671 1108 1705 venerabilis
1134 1670 1230 1703 Beda
1255 1671 1409 1710 decessit,
1435 1672 1606 1704 humanae

257 1730 502 1773 redemptionis
520 1728 825 1773 septingentesimo
838 1732 947 1766 sexto,
963 1728 1101 1760 condita
1117 1731 1180 1765 est,
1196 1727 1295 1770 cujus
1314 1727 1606 1760 administrationi

257 1798 347 1819 nunc
374 1785 548 1828 temporis,
574 1795 652 1817 cum
679 1784 761 1817 haec
786 1783 929 1816 editioni
948 1783 1114 1816 secundae
1132 1782 1392 1820 committerem,
1410 1781 1606 1815 felicissime

258 1846 391 1884 praeest
409 1840 633 1872 reverendiss.
653 1844 687 1872 et
704 1839 876 1872 illustriss.
904 1838 1069 1880 Princeps
1087 1838 1183 1876 Otto,
1209 1836 1342 1881 Landg.
1363 1837 1519 1876 Hassiae,
1540 1836 1605 1870 &c.

261 1897 433 1930 illustriss.
453 1895 625 1937 Principis
643 1894 803 1927 Mauritii
826 1894 1089 1938 primogenitus,
1115 1893 1175 1936 qui
1199 1894 1241 1926 ad
1265 1893 1451 1926 celsissima
1474 1893 1605 1936 patriae

261 1953 400 1985 virtutis
423 1951 563 1994 fastigia
586 1950 841 1983 secundissimis
858 1949 1023 1993 gradibus
1046 1948 1236 1991 contendit)
1262 1959 1282 1980 a
1305 1947 1439 1980 Scotiae
1460 1959 1540 1992 rege
1563 1950 1606 1982 ad

258 2008 419 2040 Carolum
438 2006 607 2050 Magnum
626 2006 769 2037 missum
787 2006 939 2048 legatum
958 2004 1153 2042 emansisse,
1177 2014 1317 2046 seseque
1341 2004 1376 2035 in
1399 2004 1548 2047 gratiam
1566 2015 1605 2037 ac

257 2063 358 2096 fidem
385 2066 419 2094 et
449 2061 596 2094 officium
622 2060 740 2104 magni
766 2060 910 2098 dedisse,
936 2063 1095 2102 artesque
1120 2059 1247 2103 logicas
1273 2064 1307 2091 et
1332 2059 1603 2098 mathematicas,

257 2123 499 2160 astrorumque
517 2116 696 2149 scientiam
718 2115 959 2158 imperatorem
983 2115 1137 2147 docuisse
1158 2115 1362 2157 accepimus.
1413 2114 1508 2148 Bene
1528 2116 1605 2158 qui-

257 2174 333 2206 dem
353 2173 409 2205 ille
426 2172 485 2216 qui
505 2171 641 2215 imperii
659 2171 768 2204 nostri
786 2175 889 2213 caput
906 2171 1095 2213 sapientiae
1111 2170 1207 2205 fonte
1226 2170 1391 2215 irrigarit.
1433 2170 1498 2206 Sed
1516 2171 1605 2204 male

259 2229 350 2272 quod
369 2228 550 2272 legationis
568 2226 781 2270 provinciam
798 2226 1016 2259 deseruerit.‘'

306 2284 420 2317 Bedae
430 2283 637 2326 discipulum
649 2292 717 2315 non
727 2280 1081 2317 minusTrithemium
1093 2283 1200 2315 secuti
1212 2281 1360 2321 faciunt3
1376 2287 1411 2314 at
1423 2282 1494 2324 ipse
1505 2282 1601 2324 epist¹
