1861 2682
607 262 777 295 GENTIS
801 259 1071 297 SCOTORUM,
1094 259 1182 291 LIB.
1204 261 1230 292 Ι.
1560 261 1599 290 43

387 355 430 389 In
447 354 680 400 Evangelium
698 353 870 387 Matthaei
1122 352 1180 385 lib.
1202 360 1260 384 111.

291 411 388 445 Obiit
406 411 554 444 triennio
567 414 647 443 ante
660 409 860 448 Alcuinum‚
875 409 939 441 hoc
952 413 1014 448 est,
1027 418 1118 442 anno
1133 408 1254 441 salutis
1269 415 1380 440 Dece.
1397 407 1452 440 vel
1466 414 1594 440 Decci.

243 467 459 500 Trithemius
485 468 558 500 loco
582 466 732 499 laudato.
793 465 933 498 Scotum
950 475 1074 509 genere
1097 467 1197 496 vocat
1219 474 1298 496 eum
1320 462 1485 496 Nicolaus
1508 462 1536 496 Ι.
1559 463 1595 495 in

242 522 403 566 Epistola
427 523 470 555 ad
497 522 659 556 Carolum
685 521 877 560 Caesarem,
905 520 997 564 quod
1022 524 1138 553 tamen
1164 519 1292 551 mirum
1323 523 1374 552 est
1403 518 1595 551 rescindere

242 578 367 611 audere
381 578 403 610 J
406 589 552 612 oannem
566 577 754 615 Pitsaeum‚
768 576 952 610 barbarum
966 577 1096 620 lingua,
1115 575 1334 618 antiquitatis
1348 575 1460 608 omnis
1474 575 1595 607 rudem

243 633 311 666 nisi
327 644 432 676 quam
449 645 470 666 a
487 633 615 666 Balaeo
637 637 794 676 apostata
816 633 946 666 didicit.
998 631 1054 665 Sic
1077 631 1171 664 bulla
1194 630 1400 664 sanctissimi
1424 629 1594 673 pontificis

242 688 367 722 habet:
387 693 407 707 “
421 688 572 726 Quidam
587 688 641 720 vir
653 687 677 719 J
679 699 816 727 oannes,
834 687 956 721 Scotus
973 686 1135 732 genere.’'
1171 686 1228 719 Ad
1242 686 1325 719 haec
1340 686 1498 719 Pitsaeus
1516 697 1595 730 pag.

244 752 414 777 CLXVIII.
434 748 454 763 “
470 743 610 776 Scotum
624 755 667 776 ex
680 744 827 776 aliorum
840 744 1006 777 relatione
1020 743 1150 776 vocat.”
1189 742 1291 775 Unde
1304 743 1368 775 hoc
1381 741 1489 787 Angli
1504 742 1597 775 colli-

243 799 352 844 gitis?
372 798 428 832 Sic
441 804 567 832 temere
581 799 738 842 pontifex
752 804 953 832 coaetaneus
967 799 1061 842 loqui
1075 798 1194 831 debuit
1204 798 1220 830 '?
1239 798 1288 831 sic
1304 798 1373 831 labi
1390 798 1434 831 ad
1450 799 1597 841 impera-

244 860 354 888 torem
380 854 530 888 scribens
557 854 776 888 beatissimus
803 854 899 888 Petri
925 865 1098 888 successor
1124 853 1265 887 voluit?
1317 853 1413 887 Haec
1443 853 1596 888 Thomas

244 910 473 953 Dempsterus
491 911 597 943 nollet
615 910 717 943 dicta.

656 1019 1076 1053 AETHELBERTUS.
1127 1018 1184 1053 65.

244 1133 341 1165 DUM
366 1133 417 1165 illi
442 1133 480 1165 in
505 1131 618 1165 Gallia
642 1136 676 1165 et
702 1131 805 1165 Italia
830 1132 1005 1165 ecclesiam
1030 1131 1192 1176 gnaviter
1220 1132 1417 1172 tuebantur,
1448 1144 1596 1178 suaeque

243 1188 339 1232 genti
352 1187 498 1231 gloriam
512 1187 826 1220 immarcessibilem
841 1187 1096 1230 comparabant,
1110 1198 1181 1221 non
1197 1189 1338 1233 segnius
1350 1188 1596 1224 Aethelbertus

244 1243 281 1275 in
298 1241 429 1286 Anglia
446 1242 578 1274 strenui
596 1241 764 1274 antistitis
781 1246 816 1274 et
832 1242 882 1284 pii
904 1247 1020 1284 partes
1042 1243 1256 1283 sustinebat3
1282 1255 1363 1277 nam
1387 1245 1599 1289 incompara-

244 1298 305 1331 bili
332 1297 524 1330 eruditione
547 1297 658 1329 clarus
682 1297 726 1329 ad
743 1306 822 1329 suos
845 1297 925 1329 inde
949 1297 1062 1336 rediit,
1086 1303 1121 1331 et
1143 1298 1318 1332 Candidae
1341 1299 1449 1333 Casae
1471 1301 1600 1343 episco-

244 1358 329 1397 patu
345 1353 559 1386 honestatus.
598 1351 744 1395 Scripsit
762 1352 827 1385 sub
844 1351 959 1386 Leone
978 1351 1045 1385 III.
1063 1353 1233 1395 pontifice,
1248 1353 1367 1388 habita
1374 1356 1450 1400 jam
1467 1355 1599 1390 Romae

245 1409 388 1453 synodo,

389 1463 520 1497 Contra
536 1463 693 1497 Alifandi
712 1463 873 1497 Toletani
890 1462 1038 1497 Errores
1132 1463 1192 1497 lib.
1211 1472 1263 1497 lv.

292 1520 440 1559 Quando
457 1519 591 1558 obierit,
609 1530 678 1552 non
695 1519 903 1563 deprehendi
917 1531 925 1552 :
953 1524 989 1553 at
1006 1520 1186 1564 episcopus
1203 1521 1444 1566 inauguratus,
1462 1526 1497 1556 et
1513 1527 1599 1557 teste

247 1576 423 1610 Florentio
441 1575 691 1620 lVigorniensi,
709 1586 800 1608 anno
819 1584 931 1609 Dece.

752 1687 983 1727 ALEXIUS.
1034 1686 1091 1721 66.

248 1799 444 1837 Arssxms,
463 1798 498 1831 S.
517 1798 676 1832 ecclesiae
698 1798 877 1833 Romanae
895 1799 1089 1839 cardinalis,
1109 1804 1147 1834 et
1161 1804 1183 1820 “
1200 1800 1335 1835 Scotiae
1358 1800 1526 1846 legatus‚”
1551 1802 1599 1835 ait

248 1865 441 1898 anonymus
474 1853 663 1899 Augiensis
693 1855 880 1888 monachus
910 1856 947 1888 in
976 1854 1060 1889 Vita
1089 1855 1124 1889 S.
1155 1856 1336 1890 Laurentii
1366 1868 1439 1901 cap.
1470 1865 1598 1891 XXXV.

249 1910 356 1942 edidit

392 1964 484 1998 Acta
500 1965 701 2010 Legationis
719 1977 801 1999 suae
1161 1968 1219 2001 lib.
1240 1976 1264 2000 1.

394 2019 570 2063 Epistolas
588 2022 631 2054 ad
648 2021 820 2055 Ecclesias
838 2021 988 2056 Scoticas
1161 2023 1221 2056 lib.
1241 2032 1265 2056 1.

299 2075 462 2109 Florebat
478 2087 569 2109 anno
588 2085 760 2110 MCLXXI.
779 2082 840 2111 aut
857 2078 1003 2111 circiter.
1053 2078 1127 2112 Alii
1150 2080 1272 2112 volunt
1295 2089 1315 2112 a
1338 2079 1513 2113 Clemente
1532 2079 1599 2113 ΙΙΙ.

249 2136 403 2165 creatum
444 2131 651 2164 cardinalem
693 2143 784 2166 anno
827 2141 1092 2167 MCLXXXVm.
1137 2143 1190 2168 1v.
1234 2135 1312 2168 idus
1354 2135 1502 2168 Martias
1535 2136 1599 2169 sub
1623 2148 1626 2151 *

249 2187 353 2220 titulo
379 2185 414 2219 S.
440 2185 575 2220 Nicolai
600 2187 637 2220 in
662 2187 805 2222 Carcere
830 2188 1004 2229 Tulliano,
1030 2194 1065 2224 et
1089 2195 1209 2234 postea
1233 2190 1298 2224 sub
1322 2191 1426 2225 titulo
1455 2191 1599 2225 Sanctae

250 2241 437 2276 Susannae.
