1861 2682
607 260 778 292 GENTIS
803 259 1072 297 SCOTORUM,
1098 259 1185 290 LIB.
1211 260 1254 290 ΙΙ.
1556 262 1615 292 107

396 353 448 386 De
467 352 602 386 Praelio
619 352 898 391 Otterburnensi,
916 363 977 386 seu
994 353 1035 385 de
1054 352 1210 385 Victoria
1228 351 1411 385 Scotorum
1430 351 1526 385 Duce
1546 353 1611 385 Co-

442 409 525 441 mite
543 407 741 452 Duglassio,
759 412 879 441 contra
895 407 1030 453 Anglos
1047 408 1144 441 Duce
1162 407 1298 441 Comite
1317 407 1476 441 Persaeo.

300 464 399 497 Vixit
416 474 507 497 anno
527 472 700 497 Mcccxc.
745 463 1024 497 Scotichronicon
1042 464 1102 496 lib.
1123 471 1206 495 XIV.
1225 474 1298 506 cap.
1319 472 1353 496 L.

576 558 873 592 STEPHANUS
899 558 1146 591 BROUNUS.
1203 557 1283 595 196.

249 632 488 663 STEPHANUS
506 629 682 669 Brouuus,
701 630 924 664 Carmelitani
942 631 1073 664 ordinis
1091 631 1292 670 monachus,
1315 642 1406 664 unus
1425 642 1467 664 ex
1487 632 1611 664 duode-

249 687 315 718 cim
334 686 418 718 viris
436 696 590 719 summae
608 687 700 730 apud
717 697 798 719 suos
816 688 1044 725 auctoritatis,
1068 698 1154 731 quos
1179 687 1256 720 ideo
1281 686 1468 720 Eduardus
1489 686 1516 719 Ι.
1539 686 1613 718 An-

249 742 338 785 gliae
364 752 435 780 rex,
465 742 646 785 tyrannice
677 747 800 776 vexata
830 742 955 781 Scotia,
986 743 1159 776 Oxoniam
1189 743 1374 788 ablegavit,
1405 742 1520 786 ibique
1552 753 1612 784 per

249 808 350 830 suum
369 797 465 830 nefas
482 798 611 831 invitos
630 799 738 831 veluti
756 799 792 830 in
810 798 966 831 custodia
982 799 1106 836 tenuit,
1124 809 1167 831 ne
1191 802 1334 832 conatus
1361 809 1440 832 suos
1468 799 1612 841 impedi-

250 858 335 886 rent.
372 852 395 885 J
397 864 427 886 o.
444 853 606 887 Leslaeus
621 854 679 886 lib.
698 854 790 887 Hist.
806 854 896 887 Scot.
937 853 1100 887 Meminit
1116 855 1221 887 etiam
1240 854 1314 898 ejus
1328 853 1508 888 Conradus
1525 854 1609 886 Tre-

248 910 394 947 monius,
419 908 606 943 Carmelita
629 909 833 948 Germanus,
856 910 892 942 in
917 909 1083 953 Catalogo
1108 909 1362 952 Episcoporum
1386 910 1440 943 sui
1467 909 1607 942 ordinis.

249 965 332 998 Fuit
350 966 416 1005 hic,
435 966 464 998 si
482 966 677 1009 quisquam,
696 976 736 998 eo
752 976 837 998 aevo
854 966 890 997 in
909 965 1014 997 sacris
1032 965 1142 998 literis
1160 965 1294 998 erudite
1309 970 1478 999 versatus.
1520 964 1609 1008 Ejus

248 1026 348 1053 sunt:

391 1076 582 1111 Conciones
599 1078 765 1116 eruditae,
783 1078 832 1111 ait
851 1077 1008 1111 Balaeus.
1214 1076 1272 1110 lib.
1295 1086 1317 1109 1.

392 1132 561 1166 Lecturae
579 1134 617 1166 in
635 1133 825 1178 Theologia
1216 1133 1274 1165 lib.
1297 1141 1320 1165 1.

391 1188 552 1220 Psalterii
571 1187 757 1231 Expositio
1216 1189 1276 1222 lib.
1296 1198 1320 1222 1.

389 1242 571 1286 Epistolae
1216 1244 1274 1278 lib.
1296 1253 1319 1276 1.

295 1297 456 1331 Florebat
474 1308 565 1331 anno
585 1306 761 1331 MCCCXL.

571 1392 595 1426 J
597 1392 790 1428 ACOBUS
815 1393 1138 1428 BALLANTYN.
1193 1398 1276 1432 197.

245 1467 420 1500 JAcosz
446 1465 646 1510 Ballantyn,
676 1465 712 1500 S.
738 1466 931 1512 theologiae
960 1468 1090 1507 doctor,
1120 1467 1382 1501 archidiaconus
1410 1467 1607 1501 Mox-avien-

245 1523 302 1560 sis,
328 1523 498 1556 laboriosa
523 1533 605 1556 cura
627 1527 661 1556 et
684 1523 875 1556 incredibili
899 1524 1015 1557 studio
1038 1528 1129 1557 artes
1153 1534 1271 1557 omnes
1295 1523 1477 1562 humanas,
1505 1530 1607 1567 atque

245 1579 348 1611 etiam
367 1579 515 1618 divinas,
534 1579 699 1622 percepit.
751 1579 841 1623 Ejus
860 1584 964 1613 sunt:

389 1634 530 1668 Boethii
550 1634 727 1668 Historiae
744 1634 868 1668 Versio
886 1636 922 1668 in
940 1634 1112 1668 Scoticum
1212 1635 1271 1669 lib.
1294 1645 1379 1668 xlx.

390 1690 567 1723 Historiae
585 1689 738 1724 Scoticae
756 1690 1030 1736 Cosmographia
1214 1692 1274 1724 lib.
1295 1701 1317 1724 1.

390 1746 562 1779 Albaniae
579 1745 775 1789 Descriptio
1217 1748 1276 1781 lib.
1298 1757 1322 1780 1.

389 1802 566 1845 Epistolae
583 1803 626 1835 ad
644 1802 667 1835 J
669 1803 812 1835 acobum
832 1803 874 1836 V.
1215 1804 1274 1836 lib.
1296 1813 1318 1836 1.

390 1858 442 1891 De
460 1858 580 1891 Litera
597 1858 818 1903 Pythagorae
1215 1859 1274 1891 lib.
1296 1868 1318 1891 1.

391 1914 442 1946 De
460 1914 601 1947 Virtute
619 1919 653 1947 et
670 1914 859 1958 Voluptate
1213 1915 1273 1948 lib.
1294 1925 1317 1947 1.

389 1971 499 2012 Super
517 1971 666 2013 quodam
685 1970 826 2003 Somnio
1213 1971 1272 2004 lib.
1295 1980 1317 2003 1.

393 2025 530 2058 Diversi
550 2027 685 2070 generis
704 2026 869 2060 Carmina
1213 2028 1272 2060 lib.
1294 2036 1316 2059 1.

295 2083 391 2115 Obiit
410 2081 541 2114 Romae
558 2093 659 2121 anno,
678 2087 718 2115 ut
735 2088 831 2125 puto,
853 2091 950 2115 MDL.

562 2177 584 2209 J
587 2176 779 2210 ACOBUS
805 2177 1157 2212 BASSANTINUS.
1212 2181 1290 2216 198.

243 2251 418 2283 JAcOBUs
452 2249 682 2283 Bassantinus
716 2260 833 2282 omnes
867 2251 920 2282 sui
955 2251 1058 2284 seculi
1094 2251 1356 2285 mathematicos
1392 2253 1492 2296 longe
1528 2256 1603 2293 post

246 2319 281 2339 se
315 2307 478 2351 reliquit;
518 2306 553 2339 in
584 2305 706 2338 Galliis
736 2310 769 2338 et
798 2305 993 2339 Germaniis
1024 2307 1129 2341 bonas
1159 2313 1250 2341 artes
1279 2313 1311 2341 et
1342 2308 1461 2341 didicit
1488 2313 1519 2339 et
1546 2308 1604 2339 ‹lo-
