1861 2682
624 267 794 300 GENTIS
818 266 1088 305 SCOTORUM,
1111 267 1199 299 LIB.
1223 268 1250 299 1.
1581 270 1621 299 53

264 370 302 392 ra
319 370 339 393 a
358 359 495 394 Pitsaeo
511 365 748 399 numerantur,
766 360 894 393 scilicet
911 359 1076 404 subjecta.

409 415 462 448 De
479 415 720 449 Strivelinensi
738 415 926 449 Obsidione
1223 416 1282 449 lib.
1303 425 1328 450 Ι.

408 470 462 504 De
479 473 587 505 altero
605 471 786 505 Scotorum
803 471 902 504 Bello
1226 472 1285 505 lib.
1305 481 1330 505 1.

410 526 618 561 Orationum
636 527 862 571 Synodalium
1224 528 1283 561 lib.
1304 536 1328 561 1.

407 581 461 614 De
479 583 584 615 variis
603 582 729 616 Mundi
748 582 902 616 statibus
1224 584 1283 617 lib.
1304 592 1328 617 1.

409 637 463 671 De
480 638 600 671 Divite
617 644 651 672 et
668 639 803 672 Lazaro
1224 639 1284 673 lib.
1304 649 1329 673 1.

410 694 464 727 De
481 693 615 727 Scotiae
632 694 776 728 Guerris
794 695 899 728 variis
1224 695 1284 729 lib.
1304 705 1328 729 Ι.

406 749 460 783 De
477 749 700 783 sacerdotum
718 750 884 784 Luxuriis
1223 751 1283 785 lib.
1304 760 1328 785 Ι.

407 806 646 850 Epistolarum
664 807 707 839 ad
724 807 877 840 diversos
1225 808 1284 841 lib.
1304 816 1329 841 Ι.

407 862 538 895 Contra
554 860 708 895 Artistas
1224 864 1284 897 lib.
1304 873 1328 897 1.

407 917 680 962 Tragoediarum
700 922 735 950 et
751 917 1016 951 Comoediarum
1036 917 1175 963 Anglic.
1222 920 1281 953 lib.
1302 929 1327 953 Ι.

408 973 612 1006 Poematum
630 978 664 1006 et
682 973 944 1016 Rhythmorum
1222 976 1281 1009 lib.
1303 985 1328 1009 1.

311 1030 448 1063 Floruit
466 1039 556 1062 anno
576 1037 752 1062 mcccxv·
779 1028 826 1062 H.
846 1029 1015 1063 Boethius
1033 1030 1092 1063 lib.
1112 1039 1196 1063 xw.
1222 1042 1300 1076 pag.
1320 1040 1447 1066 cee1v.
1473 1033 1616 1068 Poema-

264 1086 308 1118 tis
332 1085 552 1129 principium,
576 1085 636 1118 sed
663 1085 848 1118 admodum
874 1085 1070 1125 barbarum,
1089 1087 1188 1129 ponit
1205 1087 1356 1121 Joannes
1374 1087 1538 1122 Leslaeus
1556 1090 1614 1124 lib.

264 1150 333 1174 v11.
350 1140 444 1173 Hist.
457 1140 547 1173 Scot.
561 1151 639 1185 pag.
655 1149 815 1174 CCXLVI.
855 1140 963 1175 Errat
977 1142 1168 1175 scurriliter
1184 1142 1354 1183 Pitsaeus,
1367 1149 1408 1177 ut
1422 1145 1518 1184 solet,
1533 1146 1617 1179 dum

263 1206 342 1229 eum
360 1206 381 1228 a
397 1196 553 1238 piissimo
578 1206 669 1239 rege,
688 1201 722 1228 et
739 1197 957 1229 ecclesiastici
975 1197 1107 1230 ordinis
1125 1200 1416 1240 reverentissimo,
1435 1201 1616 1234 tormentis

263 1251 423 1284 adactum
440 1250 561 1284 scribit
578 1255 618 1283 ut
634 1250 815 1284 Scotorum
833 1251 1015 1285 victoriam
1033 1253 1228 1288 celebraret.

769 1362 999 1398 ALBINUS.
1051 1367 1107 1399 88.

262 1475 444 1509 ALBINUS
485 1475 665 1518 episcopus
707 1475 963 1515 Brechinensis,
1005 1488 1084 1510 cum
1126 1477 1161 1511 S.
1206 1477 1391 1514 Malcolmo
1432 1480 1495 1515 IV.
1538 1494 1618 1529 rege

264 1531 439 1570 educatus,
473 1531 511 1563 in
544 1532 624 1563 aula
657 1532 874 1574 splendorem
909 1533 1102 1566 stemmatis
1145 1533 1199 1566 sui
1241 1534 1434 1569 incredibili
1476 1538 1616 1581 pietatis

264 1591 298 1620 et
326 1587 531 1630 prudentiae
560 1587 661 1619 laude
687 1587 926 1621 cohonestavit
951 1593 1055 1632 atque
1081 1590 1217 1629 extulit,
1243 1591 1280 1623 in
1306 1592 1487 1636 scripturis
1512 1596 1617 1628 sacris

263 1643 530 1682 versatissimus,
581 1649 615 1676 et
664 1643 872 1676 secularium
918 1644 1099 1679 literarum
1144 1645 1415 1691 haudquaquam
1460 1649 1614 1694 ignarus.

264 1697 408 1742 Scripsit

407 1752 499 1787 Acta
516 1753 551 1787 S.
570 1753 747 1787 Malcolmi
765 1754 871 1800 Regis
1226 1759 1285 1792 lib.
1305 1768 1329 1792 Ι.

407 1809 460 1842 De
479 1809 722 1843 Translatione
740 1811 895 1855 ejusdem
1225 1815 1283 1848 lib.
1304 1824 1328 1847 1.

407 1864 519 1909 Super
535 1877 632 1898 sacra
649 1865 828 1909 Scriptura
1228 1871 1286 1903 lib.
1307 1879 1331 1904 1.

313 1920 411 1953 Obiit
428 1932 519 1954 anno
538 1929 675 1954 MCCVI.
694 1923 760 1961 vel,
784 1928 825 1956 ut
848 1923 906 1956 alii
930 1935 1111 1967 perperam
1135 1925 1288 1965 tradunt,
1311 1938 1402 1960 anno
1424 1936 1618 1963 MCCLXVI.

265 1976 356 2018 quod
374 1976 403 2008 si
420 1987 541 2009 verum
559 1982 620 2015 est,
638 1988 708 2010 non
725 1979 894 2020 potuisset
911 1979 947 2013 S.
966 1979 1055 2024 Regi
1074 1980 1260 2015 Malcolmo
1283 1983 1484 2018 innotuisse.
1512 1984 1619 2020 Scoti-

265 2031 448 2064 chronicon
464 2032 522 2066 lib.
543 2041 580 2065 X.
599 2044 672 2076 cap.
691 2042 794 2067 XXII.

689 2144 1087 2183 AMKEMBALDUS.
1139 2152 1197 2188 89.

269 2254 599 2295 AMKEMBALDUS,
652 2258 803 2301 regulari
853 2259 1073 2294 observantia
1117 2264 1210 2306 apud
1265 2275 1345 2298 suos
1399 2265 1618 2303 clarissimus,

268 2311 455 2345 monachus
513 2311 760 2346 Benedictinus
812 2314 849 2348 in
902 2316 1025 2349 celebri
1079 2319 1288 2353 monasterio
1341 2319 1618 2359 Dumfermelini,
