1861 2682
489 773 567 813 AD
597 773 853 813 THOMAM
886 772 1298 819 DEMPSTERUM,

600 889 841 913 PERILLUSTR.
861 889 906 912 AC
927 888 1185 912 REVERENDISS.

266 983 297 1008 D.
317 981 597 1008 BALTHASSARIS
615 980 808 1007 BONIFACII
826 980 1037 1013 RHODIGINI,
1055 981 1332 1009 ARCHIDIACONI
1352 981 1528 1012 TAvale,

714 1079 1070 1111 EPIGRAMMATA.

380 1201 539 1233 Barbaries
554 1201 704 1232 dominam
721 1201 831 1231 delevit
845 1201 984 1232 funditus
999 1203 1119 1239 urbem,

420 1252 515 1282 Nune
530 1258 619 1282 vexat
636 1251 778 1287 Scotiam,
794 1251 870 1291 proh
886 1253 986 1292 superi
999 1255 1004 1282 !
1030 1253 1168 1294 impietas
1181 1266 1188 1284 z

378 1303 430 1333 Tu
445 1303 497 1343 qui
513 1303 666 1332 Romanas
682 1308 767 1342 potes
782 1301 947 1332 instaurare
963 1303 1075 1340 ruinas,

420 1353 577 1383 Debueras
593 1352 705 1393 patriae
721 1352 856 1382 conditor
871 1363 934 1382 esse
950 1359 1031 1390 tuae,

380 1404 500 1444 Quique
515 1403 674 1433 recentasti
690 1403 823 1439 Latium,
840 1403 886 1432 vir
900 1414 1019 1444 magne,
1036 1410 1202 1441 vetustum,

421 1454 591 1495 Antiquare
607 1464 716 1484 novam
733 1454 878 1484 debueras
894 1454 1034 1484 scotiam.

783 1560 1006 1590 EJUSDEM.

381 1657 426 1689 Ut
442 1657 688 1698 Parafipomenis,
705 1656 835 1693 Thoma,
851 1658 934 1698 prius
950 1659 1031 1689 edita
1046 1659 1165 1697 cedant,

423 1708 469 1739 Ut
487 1708 608 1739 meliora
623 1708 696 1738 cibis
712 1707 770 1738 sint
786 1708 931 1745 analecta,
946 1709 1027 1739 facis.

381 1759 459 1789 Esse
474 1766 638 1789 racemator
653 1758 757 1799 cupiat
767 1758 832 1799 jam
848 1758 958 1789 vinitor
973 1760 1048 1800 ipse,

425 1809 556 1850 Ipseque
566 1809 631 1850 jam
647 1820 758 1839 messor
774 1809 915 1850 spicilego
930 1810 1072 1841 invideat.

382 1860 479 1891 Nunc
494 1871 531 1890 ex
546 1859 685 1890 historiae
702 1860 794 1900 pratis
810 1860 888 1900 rapis
904 1861 1013 1898 omnia,
1030 1861 1133 1903 nilque

425 1911 606 1942 Foenisecae
621 1916 768 1952 superest,
784 1911 865 1952 quod
880 1911 987 1941 sicilire
1002 1918 1101 1952 queat.

785 2010 1008 2042 EJUSDEM.

383 2109 445 2139 Seu
460 2109 599 2139 tenebrae
613 2109 742 2145 Scofiae,
759 2120 811 2139 seu
827 2109 899 2139 dant
915 2110 1025 2140 oblivia
1042 2120 1163 2148 nomen,

427 2159 556 2189 Horruit
572 2160 738 2200 auspicium
754 2160 882 2190 nominis
898 2160 949 2190 illa
965 2161 1019 2190 suj.

385 2209 533 2250 Inclytus‚
550 2216 639 2250 atque
656 2210 736 2240 omni
751 2221 867 2250 semper
882 2212 1080 2242 memorabilis
1096 2222 1169 2243 aevo

427 2260 570 2300 Scriptor‚
586 2261 623 2289 ab
639 2260 694 2290 hac
712 2266 788 2290 terra
804 2260 881 2290 tollit
896 2268 1054 2303 utramque
1069 2269 1180 2294 notam.

384 2311 453 2346 Est,
470 2311 662 2351 ignominiam
679 2310 813 2340 Thomas
829 2311 881 2351 qui
896 2313 1024 2342 nominis
1040 2314 1149 2350 aufert,

427 2361 496 2392 Lux
512 2362 635 2402 patriae,
652 2362 769 2392 Scotiae
784 2361 888 2402 gloria,
905 2362 1004 2402 gentis
1019 2362 1123 2394 honos.
