1861 2682
300 231 362 263 264
674 231 900 263 HISTORIA
924 230 1288 262 ECCLESIASTICA

495 334 532 356 ca
550 335 628 368 pag.
650 331 870 355 MCLXXXII.

350 379 527 412 Scribebat
544 390 635 411 anno
654 386 871 411 MDLXXXV.

758 488 800 521 B.
827 487 1072 522 EGREDUS.
1124 490 1205 525 489.

303 602 448 635 OMNES
472 602 577 645 primi
603 600 904 633 Lindisfarnenses
930 599 1080 643 episcopi
1106 599 1199 633 Scoti
1223 599 1375 639 fuerunt,
1401 605 1440 633 ut
1466 610 1565 644 saepe
1591 602 1654 635 hoc

301 658 390 691 libro
407 663 594 691 ostensum.
638 656 680 689 In
699 657 752 689 his
771 661 888 689 noster
905 655 1078 700 Egredus.
1127 655 1280 689 Florent.
1300 655 1518 700 VVigornien.
1547 660 1567 675 ‘⁶
1585 656 1655 690 De-

302 713 421 746 functo
450 713 591 758 Egredo
617 711 895 745 Lindisfarnensi
924 712 1083 754 episcopo
1111 710 1288 755 Egbertus
1313 711 1508 744 successit.”
1559 712 1654 745 Haec

301 769 359 802 ille
380 770 483 807 solus,
506 773 547 801 ut
571 768 716 811 opinor;
744 778 823 800 nam
847 768 884 800 in
906 768 1061 812 catalogo
1084 766 1423 799 Lindisfarnensium
1444 767 1653 805 antistitum,

301 825 361 868 qui
379 830 497 867 postea
514 824 679 856 Dunelmi
702 824 875 862 sederunt,
901 823 1033 868 Egredi
1058 823 1155 856 nulla
1179 823 1320 856 mentio.
1371 822 1461 856 Sunt
1486 827 1601 856 autem
1628 823 1651 856 ii

300 880 334 913 S.
358 880 528 919 Aidanus,
556 879 591 912 S.
618 879 811 919 Finnanus,
840 879 874 912 S.
900 879 1123 918 Colmannus,
1147 879 1180 911 S.
1200 878 1313 918 Tuda,
1338 878 1372 911 S.
1391 878 1494 918 Bata,
1516 879 1653 912 Frithe-

300 936 429 975 bertus,
461 935 696 974 Alhmundus,
728 936 903 974 Tilherus,
933 933 1191 974 Aethelbertus,
1227 934 1467 973 Heandredus,
1498 934 1653 968 Eauber·

299 997 367 1031 tus,
387 991 621 1030 Tridferthus,
640 991 674 1024 S.
695 991 919 1030 Cuthbertus,
938 990 1146 1029 Eadbertus,
1165 990 1199 1023 S.
1220 990 1407 1034 Egbertus.
1458 990 1587 1023 Omnes
1605 991 1652 1029 hi,

299 1052 333 1081 et
364 1048 519 1091 plerique
549 1052 730 1090 sequentes
757 1057 799 1079 ex
825 1047 940 1080 Scotia
964 1047 1002 1079 in
1026 1046 1192 1091 Angliam
1220 1051 1450 1085 transeuntes,
1481 1047 1650 1091 evangelii

299 1115 415 1137 semen
441 1103 586 1136 fideliter
611 1108 836 1146 sparserunt;
867 1108 899 1135 et
921 1114 964 1136 ex
985 1103 1039 1135 his
1066 1103 1224 1135 nonnulli
1250 1103 1346 1135 sedes
1372 1113 1451 1136 suas
1477 1103 1513 1135 in
1537 1103 1651 1136 Scotia

299 1160 505 1202 episcopales
540 1159 727 1202 liquerunt,
762 1164 803 1192 ut
836 1164 1013 1192 nascentes
1048 1163 1123 1191 tum
1157 1159 1309 1202 primum
1343 1158 1421 1191 fidei
1454 1159 1491 1192 in
1520 1159 1651 1204 Anglia

298 1215 468 1259 igniculos
502 1215 656 1248 studiose
690 1214 858 1253 foverent,
893 1219 933 1247 ut
961 1214 1209 1248 Aethelbertus
1240 1215 1332 1258 apud
1359 1225 1439 1247 suos
1475 1214 1650 1248 Candidae

299 1271 406 1304 Casae
424 1272 461 1304 in
478 1271 719 1316 BrigantibuS,
738 1282 799 1304 seu
816 1270 1022 1309 Gallovidia,
1041 1271 1231 1313 episcopus.
1282 1270 1404 1303 Sedem
1423 1275 1538 1304 autem
1561 1271 1650 1304 hanc

298 1328 477 1360 transtulit
510 1338 571 1359 rex
614 1326 789 1360 Gutredus
832 1338 922 1360 anno
964 1334 1240 1359 DCCCLXXXIV.
1283 1331 1323 1359 ut
1360 1331 1481 1360 auctor
1520 1326 1647 1371 Roger.

300 1383 468 1416 Hoveden
502 1382 630 1415 Annal.
666 1382 850 1427 Anglican.
914 1382 972 1415 An
1006 1381 1167 1426 Egredus
1198 1383 1330 1426 aliquid
1359 1382 1545 1425 scripserit,
1579 1393 1648 1415 non

298 1439 420 1481 reperi.

345 1494 482 1527 Floruit
499 1505 590 1527 anno
610 1502 813 1527 DCCCXLII.

609 1605 843 1639 ELVANUS
867 1605 1199 1639 AVALLONIUS.
1251 1608 1331 1643 490.

296 1717 357 1751 DE
385 1717 534 1757 Elvano,
561 1724 789 1763 cognomento
810 1718 1008 1757 Avallonio‚
1033 1719 1126 1751 aliud
1153 1719 1239 1751 nihil
1262 1719 1384 1761 reperi,
1409 1719 1475 1752 nisi
1494 1718 1647 1762 primum

295 1773 413 1813 fuisse,
431 1775 491 1817 qui
510 1775 553 1807 ad
570 1785 624 1807 res
649 1774 799 1807 Scoticas
823 1774 1046 1808 illustrandas
1069 1775 1271 1808 accesserit:
1297 1775 1403 1819 hujus
1420 1774 1522 1808 fidem
1540 1775 1645 1808 Vere-

296 1831 446 1862 mundus
473 1835 506 1862 et
532 1831 589 1863 alii
610 1830 837 1863 vetustissimi
855 1831 1032 1862 annalium
1051 1830 1264 1864 Scoticorum
1282 1835 1438 1864 auctores
1456 1831 1645 1874 impensius

298 1886 507 1918 extulerunt.
559 1885 704 1928 Scripsit
723 1886 831 1918 veteri
850 1886 970 1930 lingua
987 1885 1131 1924 Scofica,
1157 1886 1222 1919 hoc
1247 1891 1309 1925 est,
1339 1886 1539 1926 Hibernica,
1565 1898 1645 1920 nam

294 1952 363 1985 qua
380 1941 481 1973 hodie
498 1942 641 1979 utimur,
660 1941 792 1974 soboles
811 1946 862 1974 est
881 1941 1068 1975 Saxonicae
1086 1946 1146 1974 aut
1164 1941 1399 1981 Germanicae,

440 1995 634 2030 Historiam
653 1996 786 2029 Scotiae
1203 1998 1262 2030 lib.
1283 2007 1306 2030 1.

438 2051 714 2095 Descriptionem
732 2052 866 2085 Scotiae
1203 2054 1262 2086 lib.
1283 2063 1307 2086 1.

341 2107 477 2140 Floruit
496 2119 587 2140 anno
604 2109 706 2141 salut.
726 2116 881 2140 CLXXII.
903 2109 1016 2141 nescio
1034 2120 1078 2142 an
1095 2109 1138 2142 ab
1155 2109 1341 2142 Avallonia
1356 2109 1560 2144 Britanniae
1575 2110 1643 2143 Ro-

292 2174 413 2197 manae
439 2163 574 2203 insula;
602 2164 694 2196 hunc
719 2164 811 2196 enim
828 2165 940 2196 locum
959 2175 979 2197 a
995 2166 1187 2210 peregrinis
1206 2166 1358 2199 eremitis
1378 2166 1508 2199 cultum
1527 2167 1642 2209 prodit

294 2219 510 2253 Camdenus:
541 2220 576 2252 id
594 2220 622 2252 si
642 2230 772 2258 verum,
791 2220 901 2252 multa
919 2219 1029 2253 Scotis
1047 2220 1178 2265 Anglia
1196 2221 1305 2254 debet.
