1861 2682
281 307 309 335 S.
324 306 451 344 Brigida,
465 306 523 333 filia
538 305 663 333 Dabothi
677 304 811 342 principis
879 324 886 330 .
926 305 963 331 82

281 353 373 380 David
389 354 516 381 Betonus
537 352 612 380 card.
626 351 660 379 ab
677 351 783 379 haeret.
798 355 887 377 stran-

314 399 428 435 gulatus
629 418 635 424 .
712 420 718 426 .
881 416 888 423 .
928 396 964 423 88

280 445 307 472 S.
323 444 468 472 Barnabas
489 449 578 481 apost.
600 444 629 470 in
646 443 740 471 scotia
755 442 887 479 Evange-

315 490 384 517 lium
398 490 542 527 praedicat
881 508 887 515 .
928 488 961 513 91

280 536 438 564 Gulielmus
460 536 566 569 Bailze,
589 536 695 563 Rectol
717 533 888 561 Academiae

317 582 507 610 Bononiensis
626 602 633 608 .
882 600 888 607 .
928 580 966 606 94

279 629 389 656 Hector
402 628 539 656 Boethius
553 627 618 654 hist.
633 626 744 663 scripsit
759 636 804 653 res
821 626 888 653 Sco-

314 674 384 702 ticas
929 671 965 697 97

279 720 444 748 Bundevica
458 729 517 756 reg.
531 719 624 751 armis,
638 718 728 745 literis
743 717 964 745 cla1·..108

280 767 431 794 Bassianus
440 766 551 798 Gattus,
559 764 710 793 monachus
718 764 871 800 Dempster
873 772 890 790 0

316 822 395 839 carus
796 810 852 837 295
867 814 895 837 et
910 810 966 836 320

281 904 309 931 S.
344 904 564 936 COLUMBANUS‚
597 902 749 930 monachus
782 901 890 930 Bened.

316 950 450 978 fundator
463 949 626 977 monasterii
642 948 762 976 Bobien.
776 953 805 976 et
819 948 886 975 alio-

316 1006 388 1029 rum,
405 996 470 1023 vide
484 995 574 1023 multa
588 995 673 1031 dig-na
687 994 722 1021 de
737 994 785 1020 illo
882 1013 889 1020 .
913 993 965 1020 142

277 1042 307 1069 S.
322 1042 523 1069 Constantinus
538 1041 647 1073 tertius,
666 1041 814 1068 Scotorum
828 1049 888 1071 rex,

316 1088 482 1115 monachum
498 1087 590 1114 induit
881 1105 889 1112 .
912 1085 965 1112 148

280 1134 363 1161 Caius
380 1133 520 1165 sedulius,
536 1133 564 1159 111
585 1132 687 1159 divinis
707 1141 738 1158 ac
758 1130 888 1157 humanis

315 1180 404 1207 literis
419 1179 625 1206 versatissimus
880 1197 887 1203 .
911 1177 964 1203 128

280 1226 307 1253 S.
330 1225 492 1257 Columbus‚
513 1225 667 1252 multorum
688 1223 889 1251 monachorum

314 1278 403 1309 pater,
418 1282 449 1299 ac
464 1281 563 1308 regum
577 1271 712 1298 educator
880 1289 887 1295 .
911 1269 963 1295 149

278 1319 313 1346 Β.
329 1318 454 1350 Claudia,
472 1318 580 1345 Graece
594 1327 625 1344 ac
641 1316 743 1343 Latine
758 1315 857 1342 doctis.
911 1315 963 1341 173

279 1365 330 1392 SS.
354 1363 547 1395 Christiancia,
574 1362 726 1394 Cleomzsta,
749 1362 886 1389 Constan-

315 1411 364 1443 tia,
386 1409 517 1442 Cordula,
536 1418 633 1437 onmes
652 1408 776 1445 virgines
799 1407 887 1435 Ursu-

314 1456 394 1483 lanae
709 1475 716 1481 .
752 1455 813 1486 165,
831 1454 893 1485 166,
911 1453 964 1479 168

280 1503 308 1530 S.
324 1502 458 1539 Cyriacus
476 1501 633 1533 cardinalis,
653 1500 774 1528 concivis
788 1500 816 1527 S.
832 1499 887 1527 Ur-

315 1549 400 1580 sulae,
416 1553 444 1575 ot
458 1548 587 1585 martyrii
600 1547 691 1575 socius
881 1566 887 1572 .
911 1546 962 1572 167

280 1594 420 1631 Georgius
446 1594 574 1621 Conaeus
598 1593 784 1623 doctissimus,
814 1602 887 1619 nunc

315 1640 373 1677 agit
385 1641 412 1666 111
424 1639 590 1676 obsequium
605 1639 786 1667 illustrissimi
803 1638 886 1666 Card.

316 1686 467 1714 Bal-herini
880 1705 886 1712 .
911 1686 963 1711 170

279 1733 421 1769 Georgius
451 1732 638 1763 Camerarius,
671 1731 799 1759 doctrina
832 1731 886 1758 cla-

316 1788 363 1805 rus
625 1799 631 1805 .
710 1799 716 1805 .
880 1798 886 1804 .
910 1778 963 1804 172

280 1824 404 1851 Thomas
421 1825 442 1851 (
445 1823 599 1860 (ιι-1113111115,
623 1824 786 1861 Dempsteri
806 1833 886 1861 prae-

316 1875 413 1906 ceptor
878 1890 885 1896 .
910 1870 963 1896 173

280 1916 411 1944 Clemens
440 1916 493 1944 VI.
527 1891 657 1952 pontifex
683 1915 828 1943 descendit
854 1915 887 1942 li-

318 1962 436 1989 nealiter
456 1962 491 1989 de
512 1962 606 1989 Malia
626 1962 768 1989 comitissa
792 1962 887 1989 Bono-

319 2008 390 2039 niae,
405 2007 462 2034 filia
478 2007 506 2035 S.
522 2007 702 2044 Margaretae
717 2008 840 2044 reginae,
859 2012 888 2034 et

318 2053 463 2081 Malcohni
478 2053 552 2090 regis
569 2054 716 2081 Scotorum
880 2073 887 2080 .
910 2053 963 2079 176

282 2100 384 2128 Culdei
399 2099 467 2136 quid
481 2099 639 2136 significent
881 2120 887 2126 .
911 2100 964 2126 180

282 2147 311 2174 S.
333 2145 461 2174 Clemens
485 2155 599 2183 operam
624 2145 702 2173 dedit
726 2145 754 2173 in
779 2145 887 2182 erigen-

1034 302 1077 330 dis
1093 301 1255 330 Academiis
1272 302 1409 330 Parisien.
1423 308 1452 331 et
1474 303 1605 331 Ticinen-

1034 349 1057 376 si
1176 369 1183 376 .
1261 370 1268 377 .
1346 370 1352 377 .
1430 370 1437 377 .
1516 370 1521 377 .
1600 371 1606 377 .
1631 351 1682 377 175

997 394 1121 424 Jacobus
1132 394 1319 428 erichtonius,
1331 395 1431 423 Scotus
1443 395 1555 423 doctiss.
1566 395 1607 422 (11-

1034 440 1150 468 cebatur
1164 440 1435 478 orbisssmiraculum:
1455 452 1471 469 a
1481 442 1608 479 principe

1036 487 1192 514 Mantuano
1207 492 1292 514 noctu
1306 487 1443 514 occiditur
1601 510 1607 515 .
1632 490 1684 516 188

997 532 1122 562 Jacobus
1145 532 1284 566 Cadanus,
1305 533 1485 570 prodigiosae
1504 543 1609 562 memo-

1035 580 1093 607 riae
1632 581 1683 607 193

1000 626 1127 662 Cuperus
1138 625 1252 662 quidam
1261 625 1419 652 haereticus
1429 635 1492 652 cum
1502 625 1609 662 Demp-

1037 677 1113 699 stero
1141 671 1236 699 triduo
1270 677 1412 699 certamen
1445 671 1544 699 habuit
1575 672 1610 699 de

1037 718 1161 745 articulis
1175 717 1250 745 fidei.
1284 718 1472 755 Dempsterus
1487 727 1551 745 eum
1566 727 1611 745 su-

1036 764 1147 800 peravit
1180 784 1187 790 .
1604 784 1610 790 .
1634 764 1685 790 195

1001 810 1178 847 Cognomina
1204 809 1281 836 nulla
1303 809 1363 846 jam
1391 814 1480 842 erant,
1515 809 1569 836 nisi
1595 819 1612 836 a

1038 866 1080 893 p]
1073 856 1160 883 ’1011115
1175 865 1224 883 5011
1237 865 1254 883 3
1267 855 1403 892 patribus,
1424 861 1473 883 aut
1487 865 1503 883 3
1517 855 1610 883 colore

1037 912 1085 929 col
1086 912 1138 939 poi
1140 912 1162 929 15
1631 902 1686 928 219

1001 948 1134 976 Carmina
1155 947 1322 976 suavissima
1341 948 1369 975 S.
1392 923 1555 974 Hildeberti
1576 947 1611 974 de
1651 973 1654 976 .

1038 995 1131 1022 Roma
1630 993 1686 1019 354

1001 1086 1162 1113 DANORUM
1177 1084 1320 1113 barbaries
1335 1085 1364 1112 in
1380 1084 1556 1113 Christianos
1603 1106 1610 1112 .
1651 1090 1657 1098 ‘

1001 1132 1029 1159 S.
1042 1131 1202 1159 Donevaldi
1214 1136 1323 1168 septem
1334 1131 1408 1159 filiae
1423 1141 1520 1159 omues
1537 1131 1611 1159 inter

1036 1178 1116 1205 divos
1131 1177 1236 1205 relatae
1432 1198 1439 1204 .
1517 1198 1524 1205 .
1650 1178 1683 1204 21

1000 1224 1028 1251 S.
1045 1224 1188 1261 Dympna,
1203 1223 1284 1260 virgo
1295 1228 1324 1251 et
1338 1228 1455 1260 martyr,
1468 1223 1542 1260 regis
1556 1224 1609 1250 Η1-

1035 1269 1149 1297 berniae
1163 1269 1221 1296 filia
1600 1271 1683 1297 ,203

999 1316 1027 1344 S.
1040 1316 1142 1348 David,
1160 1316 1309 1343 Scotorum
1323 1325 1383 1349 rex,
1403 1291 1441 1344 fil.
1463 1291 1609 1343 Malcohui

1039 1362 1096 1389 III.
1110 1367 1138 1389 et
1155 1362 1183 1389 S.
1198 1362 1378 1398 Margaretae
1631 1363 1685 1388 204

999 1408 1027 1436 S.
1038 1408 1135 1441 Daria,
1149 1408 1177 1435 S.
1189 1408 1285 1435 Mauri
1296 1408 1430 1445 principis
1443 1408 1519 1436 Scoti
1528 1418 1607 1441 uxor,

1035 1464 1066 1481 ac
1082 1455 1110 1482 S.
1127 1454 1247 1482 Ursulae
1261 1459 1352 1481 mater
1630 1455 1683 1481 211

999 1500 1027 1527 S.
1044 1500 1162 1528 Deicola
1175 1499 1237 1527 abb.
1251 1505 1280 1527 et
1294 1500 1354 1537 ejus
1368 1500 1503 1527 miracula
1630 1502 1681 1527 211

999 1546 1027 1574 S.
1038 1546 1150 1579 Duffus,
1165 1556 1216 1573 rex
1233 1547 1381 1574 Scotorum
1393 1548 1437 1580 78,
1448 1551 1565 1583 martyr,
1580 1552 1608 1573 et

1035 1592 1096 1629 ejus
1110 1592 1245 1620 miracula
1629 1593 1684 1619 213

998 1639 1094 1666 David
1106 1639 1271 1675 Duglasius‚
1285 1638 1320 1666 ab
1335 1638 1422 1675 impia
1434 1638 1532 1675 regina
1547 1638 1609 1665 An-

1034 1685 1145 1722 glicana
1165 1685 1200 1713 ob
1224 1685 1309 1712 fidem
1333 1685 1507 1712 catholicam
1528 1694 1608 1712 neca-

1034 1736 1079 1759 tus
1261 1752 1268 1758 .
1600 1751 1607 1757 .
1628 1732 1683 1757 215

999 1777 1103 1806 Guliel.
1134 1777 1306 1814 Douglasius
1330 1776 1393 1804 abb.
1417 1776 1537 1813 scriptor
1560 1786 1606 1803 ve-

1034 1824 1206 1851 tustissimus
1222 1833 1288 1851 snae
1302 1822 1424 1850 familiae
1600 1844 1606 1850 .
1627 1823 1682 1849 218

997 1870 1016 1898 J
1019 1880 1044 1897 0.
1055 1870 1136 1897 Duns
1148 1870 1256 1902 Scotus,
1266 1870 1375 1897 Doctor
1386 1868 1511 1901 subtilis,
1519 1869 1608 1896 Fran-

1035 1916 1207 1944 ciscanorum
1228 1915 1327 1952 gloria⁷
1352 1915 1416 1943 vide
1436 1914 1475 1942 ibi
1499 1914 1534 1942 de
1558 1915 1607 1942 illo

1035 1962 1125 1990 multa
1601 1981 1607 1987 .
1627 1961 1682 1988 227

999 2007 1132 2036 Gulielm.
1154 2009 1349 2045 DempsteruS,
1370 2017 1406 2035 ex
1426 2016 1482 2044 quo
1502 2006 1607 2043 prodiit

1035 2054 1063 2081 in
1080 2054 1174 2082 Scotia
1186 2054 1293 2082 familia
1307 2055 1542 2090 Dempsterorum
1601 2072 1605 2076 -
1628 2053 1683 2079 235

998 2100 1185 2138 Dempsterus
1200 2100 1267 2138 quid
1283 2100 1422 2137 significet
1600 2120 1606 2125 .
1627 2099 1682 2125 235

1001 2146 1124 2175 Thomas
1136 2148 1331 2185 Dempsterus,
1343 2151 1439 2174 auctor
1450 2145 1532 2182 hujus
1542 2154 1606 2181 ope-
