1861 2682
924 274 1020 312 xviii

301 373 531 414 Heruisono
552 376 668 414 Scoto
689 381 829 414 autore
848 375 891 413 in
911 376 1018 414 notis
1038 376 1089 415 ad
1112 375 1321 415 Plutarchi
1349 376 1643 416 Commentari-

299 451 368 475 um
396 439 445 476 de
475 437 697 476 Contrariis
725 437 961 476 Stoicorum.
1019 437 1151 476 Notae
1179 439 1382 477 uberiores
1411 439 1453 477 in
1483 440 1641 477 easdem

297 500 619 538 Constitutiones
657 499 726 538 lib.
760 500 783 537 i.
822 499 906 551 ipse
944 500 1158 551 promittit,
1197 514 1248 539 an
1287 506 1438 547 extent,
1476 501 1644 540 nescio?⁹

298 562 412 601 Haec
435 562 605 600 tradidit
631 562 682 600 de
710 562 897 613 operibus
930 561 1098 600 Henrici
1127 562 1349 614 Scrimgeri,
1380 563 1485 614 juris
1516 562 1642 601 civilis

297 624 340 662 in
361 625 563 663 academia
582 624 808 662 Genevensi
836 623 1039 675 professor.
1062 624 1332 662 eruditissimi.
1390 624 1467 662 Sed
1493 624 1639 676 Demp-

297 688 391 726 steri
414 688 534 725 verba
553 687 696 725 misere
722 692 818 724 sunt
841 691 1052 730 truncata;
1084 700 1187 737 quae
1212 686 1267 725 sic
1290 686 1545 725 emendanda
1571 699 1644 737 ego

296 749 462 801 quidem
483 763 647 788 censeo:
676 754 696 771 ‘⁶
716 747 909 786 Novellae
930 748 1252 787 Constitutiones
1273 748 1496 786 Latinitate
1521 748 1644 786 dona—

296 818 360 850 tae
380 810 447 849 lib.
469 812 492 850 i.
549 811 682 850 Antea
703 809 966 848 transtulerat
988 810 1191 848 Henricus
1220 809 1425 862 Agylaeus
1453 809 1643 848 Buscovi-

296 874 493 912 (lucensis.
550 873 760 913 Conradus
781 872 1079 910 Rittershusius
1098 873 1302 924 prooemio
1333 872 1444 910 Juris
1472 871 1644 910 Justini-

296 936 386 974 anei
421 950 505 987 cap.
541 935 590 973 iv,
647 935 775 973 Notas
809 934 1012 973 uberiores
1046 935 1087 972 in
1128 935 1286 973 easdem
1321 934 1643 973 Constitutiones

296 998 364 1036 lib.
390 998 413 1036 i.
440 998 524 1050 ipse
549 997 776 1049 promittit3
808 1010 857 1034 an
887 1002 1038 1042 extent,
1065 997 1209 1034 nescio.
1268 995 1477 1034 Plutarchi
1509 995 1643 1033 omnia

297 1061 430 1112 Opera
449 1059 516 1098 lib.
537 1059 560 1098 i.
585 1073 677 1097 cum
702 1059 813 1096 MSS.
843 1057 1027 1103 contulit,
1058 1058 1252 1096 Eduardo
1282 1058 1526 1108 Henrysono
1553 1071 1644 1095 auc-

296 1129 384 1161 tore
415 1123 456 1160 in
489 1122 595 1160 notis
628 1121 680 1159 ad
714 1119 923 1158 Plutarchi
957 1119 1304 1158 Commentarium
1339 1119 1388 1157 de
1422 1119 1644 1157 Contrariis

295 1185 556 1223 Stoicorum.'’
614 1182 782 1234 Nempe,
802 1180 1005 1232 Agylaeus
1032 1182 1189 1219 easdem
1217 1181 1540 1219 Constitutiones
1567 1181 1644 1219 La-

298 1247 383 1285 tine
405 1246 595 1291 ediderat,
616 1245 667 1283 de
687 1258 768 1296 quo
789 1244 874 1281 viro
894 1243 1170 1281 doctissimum
1192 1242 1514 1281 Rittershusium
1530 1242 1643 1280 adhi-

297 1311 366 1348 bet
386 1309 426 1346 in
449 1307 685 1350 consiliun1;
721 1312 762 1344 et
781 1306 1063 1344 annotationes
1083 1305 1125 1342 in
1147 1305 1305 1343 easdem
1325 1305 1563 1356 promiserat
1585 1305 1642 1356 ip-

297 1385 338 1409 se
358 1371 613 1421 Scrimgerus,
635 1368 704 1420 qui
727 1373 873 1414 tamen,
893 1374 941 1405 ut
967 1367 1043 1405 hoc
1071 1381 1234 1418 quoque
1262 1380 1460 1410 moneam,
1488 1366 1643 1405 Latini-

299 1438 382 1471 tate
402 1445 613 1483 nunquam
641 1430 816 1468 donavit.
876 1429 1016 1467 Editio
1042 1428 1341 1480 Scrimgeriana,
1372 1429 1523 1467 Graece
1553 1435 1641 1467 tan-

297 1502 398 1540 tum,
424 1493 576 1546 prodiit
602 1493 644 1530 in
670 1492 802 1530 lucem
830 1505 936 1529 anno
970 1495 1072 1529 1558
1102 1505 1152 1529 ex
1178 1491 1335 1529 officina
1360 1491 1528 1529 Henrici
1558 1491 1643 1529 Ste-

297 1556 432 1609 phani.
474 1556 552 1593 Pro
573 1555 801 1593 Heruisono
820 1553 1039 1604 legendum
1061 1551 1226 1589 omnino
1246 1552 1494 1602 Hem-ysono.
1539 1551 1643 1589 Doc-

300 1626 366 1657 tus
387 1624 472 1657 erat
487 1615 801 1669 jurisconsultus
822 1615 1040 1653 Eduardus
1068 1613 1335 1664 Henrysonus
1365 1618 1543 1656 nostras;
1574 1614 1642 1663 jus

300 1680 416 1720 civile
450 1680 491 1718 in
523 1678 725 1717 academia
755 1677 1000 1715 Bituricensi
1027 1676 1229 1720 docuerat,
1259 1680 1300 1712 et
1327 1676 1413 1726 ejus
1444 1674 1643 1712 nonnulla

300 1749 441 1782 extant
472 1754 591 1793 opera
622 1740 728 1791 typis
758 1738 931 1790 vulgata.
988 1739 1032 1776 P.
1062 1741 1151 1779 590.
1184 1743 1203 1759 ‘⁶
1223 1737 1487 1775 Consecratus
1518 1736 1643 1787 ingel-

301 1818 452 1843 rannus
481 1802 706 1841 astantibus
735 1801 937 1853 pomposis
964 1799 1139 1844 Clericis‚
1166 1804 1207 1837 et
1233 1799 1570 1851 procuratoribus,
1596 1805 1643 1837 ut

302 1865 617 1919 polychronicon
639 1863 833 1915 loquitur,
851 1861 1147 1900 EboracensiS.”
1192 1859 1324 1898 Locus
1344 1860 1460 1898 foede
1481 1874 1644 1912 corrup-

303 1936 378 1974 tus,
400 1941 520 1979 quem
546 1927 602 1965 sic
625 1925 924 1964 restituendum
951 1924 1145 1962 arbitror:
1180 1927 1200 1944 “
1219 1922 1484 1960 Consecratus
1511 1922 1644 1974 Ingel-

304 2003 465 2034 rannus,
486 1988 710 2026 astantibus
730 1987 931 2038 pomposis
952 1985 1115 2029 clericis,
1134 1990 1175 2022 et
1195 1985 1522 2035 procuratoribus
1538 1985 1644 2022 Ebo-

304 2052 542 2096 racensibus‚
562 2056 610 2087 ut
630 2048 955 2091 Scotichronicon
973 2047 1191 2099 loquitur.'’
1251 2046 1293 2085 P.
1315 2050 1404 2087 598.
1434 2052 1453 2069 ‘⁴
1473 2047 1643 2084 Vivebat

305 2127 411 2152 anno
432 2127 475 2151 M.
523 2110 712 2150 Diualius
732 2116 791 2149 est
813 2110 957 2148 Petrus
973 2108 1201 2161 Aquilanus
1217 2108 1464 2159 theologus.”
1516 2109 1644 2160 Scrip-

305 2176 439 2220 simus,
467 2180 486 2197 ‘⁶
505 2174 678 2212 Vivebat
704 2185 810 2210 anno
840 2186 962 2210 ΜΒΝ.
1018 2170 1134 2209 Alius
1164 2176 1224 2208 est
1251 2170 1396 2208 Petrus
1417 2170 1645 2222 Aquilanus

306 2236 553 2288 theologus.⁷’
611 2235 742 2273 Locus
763 2240 898 2271 tamen
919 2233 1221 2276 vexatissilnus;
1254 2246 1347 2270 nam
1368 2233 1418 2270 de
1440 2233 1561 2270 Petro
1582 2231 1643 2270 vel

309 2298 512 2351 Aquilano
543 2297 632 2344 alio,
663 2311 714 2336 ne
744 2297 911 2335 verbum
943 2295 1120 2348 quidem.
1178 2300 1198 2318 ‘⁶
1217 2294 1413 2333 Scotellus
1439 2294 1481 2333 in
1510 2294 1649 2333 Indice
