1861 2682
251 247 291 276 64
623 248 849 281 HISTORIA
873 247 1239 280 ECCLESIASTICA

252 339 377 371 matico
400 339 697 381 praestantissimo
721 339 877 372 Petronii
900 350 1027 372 novam
1049 339 1234 372 editionem
1258 337 1436 381 inscripsit
1459 336 1482 369 J
1485 339 1610 371 oannes

253 394 511 428 Bourdelotius.
552 389 688 428 ‘Edidit

394 449 627 493 Apollonium
646 450 839 496 Pergaeum
857 450 1066 483 Redivivum
1220 449 1280 482 lib.
1300 457 1323 481 1.

394 505 573 548 Apollonii
592 505 755 539 Redivivi
773 506 1062 549 Supplementum
1220 504 1278 537 lib.
1299 513 1323 537 1.

393 561 452 594 Ad
476 561 697 606 Angularum
723 561 921 595 Sectionum
951 560 1159 603 Analyticen

442 616 673 650 Theoremata
689 616 925 661 noeSanndav-zgoe
1220 615 1279 649 lib.
1299 624 1323 648 1.

395 671 631 717 Aetiologiam
1220 671 1279 705 lib.
1299 680 1323 704 1.

298 727 399 760 Vivit
421 727 534 760 adhuc
558 727 731 766 Lutetiae,
757 732 791 761 et
816 729 917 771 plura
941 727 1051 761 indies
1076 726 1223 770 posteris
1243 727 1412 771 juvandis
1437 729 1607 771 procudit.

253 783 375 826 Nuper
394 792 429 815 v.
449 791 509 815 CL.
538 782 711 816 Henricus
729 783 880 817 Savilius
904 794 1007 827 eques
1030 783 1187 815 Oxoniae
1209 782 1454 825 professionem
1478 784 1609 817 mathe-

250 839 411 871 maticam
429 838 583 871 instituit
601 839 831 884 septingentis
849 840 963 872 aureis
981 839 1147 877 dotatam,
1165 839 1380 872 memorabili
1397 849 1479 872 sane
1496 851 1608 872 exem-

250 895 316 936 plo,
335 899 375 927 ut
392 894 464 927 sint
487 894 603 927 omnia
626 895 663 927 in
689 895 828 928 homine
851 895 910 928 illo
933 905 1023 928 rara.
1074 893 1212 938 Dignus
1236 894 1267 926 ei
1291 894 1386 927 visus
1411 894 1609 928 Alexander

250 950 477 982 Andersonus
495 950 630 989 unicus,
648 951 708 993 qui
727 955 864 984 tantum
882 949 1064 995 dignitatis
1082 949 1214 989 subeat,
1240 949 1355 992 sitque
1379 950 1512 993 primus
1538 961 1607 983 ma-

251 1005 386 1038 theseos
405 1005 441 1037 in
459 1015 566 1049 reguo
582 1005 789 1050 Anghcano,
808 1006 896 1040 bono
915 1006 1038 1045 omine,
1057 1004 1241 1048 professor.

541 1100 768 1134 GULIELM
775 1101 832 1134 US
857 1099 1184 1134 ALEXANDER.
1238 1102 1255 1133 1
1263 1102 1279 1133 1
1286 1102 1317 1137 7.

250 1172 492 1207 GULIELMUS
508 1172 719 1212 Alexander,
737 1174 792 1206 vir
809 1173 934 1207 nobilis
952 1177 987 1206 et
1003 1173 1171 1211 eruditus,
1191 1182 1302 1215 nuper
1319 1174 1470 1215 equestri
1494 1173 1606 1217 digni·

250 1233 320 1261 tate
338 1235 492 1268 ornatus,
510 1229 678 1274 magister
695 1229 799 1262 etiam
817 1229 1011 1262 libellorum
1029 1228 1224 1270 supplicum
1242 1238 1305 1270 pro
1329 1239 1436 1272 regno
1460 1228 1604 1267 Scotiae,

248 1285 358 1317 multa
382 1285 481 1318 suavi
508 1286 599 1328 stylo
625 1290 659 1318 et
684 1284 848 1317 melliflua
874 1294 962 1316 vena
987 1283 1105 1321 edidit,
1129 1283 1187 1316 sed
1218 1283 1261 1315 ad
1286 1293 1340 1316 me
1363 1283 1445 1317 haec
1468 1288 1604 1317 tantum

251 1346 421 1373 venerunt
438 1341 623 1374 vernacula
640 1341 760 1385 lingua
777 1339 969 1382 conscripta
984 1350 993 1371 ε

392 1395 606 1440 Tragoediae
624 1404 694 1428 VII.
827 1396 829 1399 ’
1211 1394 1269 1427 lib.
1290 1404 1313 1427 1.

393 1450 616 1494 Comparatio
635 1450 779 1484 Heni-ici
799 1450 862 1484 IV.
882 1450 1074 1484 Galliarum
1092 1449 1210 1495 Regis,

439 1511 474 1539 et
491 1506 578 1539 Julii
596 1506 764 1545 Caesaris,
1209 1506 1268 1538 lib.
1289 1514 1312 1538 1.

391 1562 507 1595 Horae
525 1571 639 1595 XXIV,
658 1563 699 1595 de
718 1562 843 1595 Mundi
861 1561 1042 1595 creatione
1209 1561 1268 1594 lib.
1290 1570 1312 1594 Ι.

392 1618 559 1651 Poemata
577 1618 673 1651 varia
1071 1647 1074 1648 ⁷
1208 1617 1266 1650 lib.
1287 1626 1311 1649 1.

391 1673 617 1707 Continuatio
634 1673 804 1707 Arcadiae
822 1673 960 1707 Sidnaei
1210 1673 1268 1705 lib.
1288 1681 1312 1705 Ι.

296 1730 394 1763 Vivit
412 1730 533 1769 adhuc,
551 1734 586 1763 et
603 1731 639 1763 in
656 1731 766 1763 aulico
783 1730 931 1773 strepitu
950 1729 1071 1762 Musas
1089 1739 1223 1762 secessu
1236 1728 1489 1773 jucundissimo
1507 1732 1597 1764 colit.

573 1824 800 1859 JOANNES
825 1824 1140 1858 ADAMSONUS.
1195 1827 1271 1857 118.

247 1898 267 1929 J
273 1906 434 1931 OANNES
459 1898 682 1931 Adamsonus
708 1897 1018 1936 Sanctandreanus,
1044 1897 1129 1929 inibi
1156 1896 1393 1940 philosophiae
1417 1896 1599 1940 professor,

248 1954 436 1987 etiamnum
454 1954 555 1987 hodie
575 1953 728 1993 celebris,
747 1953 854 1986 edidit
872 1954 992 1991 multa,
1010 1953 1069 1985 sed
1086 1963 1149 1996 ego
1167 1957 1302 1984 tantum
1321 1953 1392 1985 vidi

389 2010 634 2042 Collectionem
652 2009 858 2042 Poematum
877 2008 1053 2041 variorum
1074 2007 1110 2039 in
1129 2007 1235 2052 Regis
1254 2008 1441 2041 adventum
1459 2009 1517 2041 lib.
1540 2018 1561 2040 1.

537 2103 791 2136 HENRICUS
815 2102 1158 2136 ANDERSONUS.
1210 2105 1290 2140 119.

533 2158 742 2191 ADAMUS
766 2158 1110 2191 ANDERSONUS.
1164 2161 1241 2192 120.

534 2213 825 2246 GULIELMUS
850 2213 1144 2247 ARESKINUS.
1198 2217 1278 2248 121.

247 2289 305 2321 ΕΤ
330 2288 365 2321 hi
391 2287 469 2326 viri,
494 2286 588 2326 clari,
612 2286 641 2319 si
663 2286 820 2319 abdicata
842 2285 974 2319 haeresi
992 2286 1093 2319 fidem
1111 2288 1271 2332 amplecti
1290 2288 1489 2325 voluissent,
1507 2288 1596 2332 regis

246 2354 419 2377 accessum
436 2343 480 2376 ad
497 2341 615 2376 Scotos
633 2342 814 2385 poematiis
838 2342 909 2374 suis
936 2343 1148 2382 extulerunt,
1174 2343 1262 2376 libro
1285 2354 1304 2375 a
1325 2342 1379 2376 Jo.
1397 2342 1597 2376 Adamsono

247 2410 357 2441 nuper
374 2399 488 2439 edit03
516 2398 558 2432 de
573 2409 644 2442 quo
659 2398 744 2441 quid
761 2398 855 2432 aliud
873 2398 995 2438 dicam,
1015 2398 1081 2432 nisi
1100 2398 1226 2432 librum
1245 2410 1317 2432 esse
1331 2398 1347 2430 ἶ)
