1861 2682
245 265 264 291 52
620 262 843 294 HISTORIA
868 262 1229 295 ECCLESIASTICA

250 359 268 373 ‘⁶
283 354 426 387 Laubiis
441 355 548 388 natali
564 354 598 387 S.
610 353 741 393 Abelis,
753 354 903 398 episcopi
917 359 950 387 et
964 354 1179 393 confessoris,
1193 354 1333 388 natione
1344 354 1437 388 Scoti
1451 356 1477 387 :”
1496 367 1601 394 error,

248 421 327 443 uam
354 421 415 443 nec
441 411 630 453 episcopus,
657 410 716 442 sed
741 410 1028 453 archiepiscopus,
1055 415 1089 442 et
1114 410 1231 443 abbas.
1280 410 1437 455 Catalog.
1461 411 1604 444 Archie-

247 466 466 508 piscoporum
485 465 735 498 Rhemensium
753 476 795 498 ex
813 465 889 498 MS.
913 464 1138 504 Demochare,
1162 470 1197 498 et
1215 466 1284 505 alii,
1302 467 1433 500 incerto
1451 471 1600 500 auctore.

249 527 269 540 “
287 521 429 554 Mortuo
456 521 617 554 Martello
643 532 734 554 anno
760 530 921 554 DCCXLI.
954 521 1107 554 censuris
1137 521 1322 554 Zachariae
1351 532 1460 564 papae
1490 523 1603 555 dictus

248 577 336 609 Milo
354 578 518 620 expulsus
536 582 588 610 est
605 588 625 609 a
642 577 817 619 praedicta.
834 577 912 609 sede
934 576 1134 615 Rhemensi,
1158 581 1192 609 et
1215 577 1250 609 S.
1275 576 1466 621 Rigoberto
1485 578 1603 621 jungi-

247 638 306 666 tur
335 633 555 676 coepiscopus
585 643 605 665 a
630 632 811 665 Bonifacio
837 632 1090 665 Germanorum
1122 633 1289 675 apostolo,
1319 631 1485 665 Zacharia
1514 643 1603 676 papa

244 689 399 731 jubente,
418 689 453 721 S.
472 688 562 721 Abel
580 687 736 720 Scotus.’'
790 687 859 721 Pro
878 687 1077 730 coepiscopo
1095 698 1215 720 censeo
1234 687 1469 730 reponendum
1488 688 1603 721 chore·

248 746 417 788 piscopus,
437 755 517 777 nam
535 743 621 788 χώρα
638 744 734 788 regio
751 748 824 776 est:
849 743 903 782 iis,
923 743 984 786 qui
1002 743 1038 775 in
1056 743 1183 776 laboris
1201 743 1390 788 evangelici
1408 743 1602 776 subsidium

247 801 468 838 vocabantur,
499 800 594 844 regio
621 800 803 842 quaepiam
829 798 1073 843 assignabatur
1098 799 1289 838 invisenda,
1316 799 1600 838 administranda,

245 857 336 899 quod
355 856 533 898 episcopus
552 855 667 888 omnia
683 855 825 888 ditionis
843 865 923 887 suae
940 855 1014 888 loca
1031 855 1211 888 circumire
1229 866 1299 888 non
1321 859 1447 898 posset,
1472 855 1602 888 vocati·

246 923 312 955 que
330 912 380 943 illi
398 911 528 944 Vicarii
547 910 724 954 Episcopi.
750 910 962 943 Hincmarus
986 911 1078 953 apud
1103 910 1339 943 Flodoardum
1362 910 1421 943 lib.
1447 919 1502 942 111.
1526 921 1600 953 cap.

247 976 348 1000 XX11.
375 967 490 1005 Quare
516 966 646 999 Gallice
672 967 785 999 locum
810 966 903 998 hunc
929 972 1066 998 vertens
1093 965 1257 998 Nicolaus
1285 965 1466 998 Chesneau
1491 964 1602 1009 (loyen

245 1021 356 1062 rural,
370 1024 469 1066 quasi
481 1023 630 1055 ruralem
643 1022 837 1061 diaconum,
852 1026 963 1054 vocat.
987 1021 1147 1054 Praestat
1158 1021 1264 1053 verba
1275 1021 1461 1053 Flodoardi
1473 1021 1515 1053 de
1526 1022 1601 1065 ejus

245 1080 408 1112 electione
426 1079 556 1116 audire,
574 1079 624 1110 ita
641 1078 732 1110 enim
757 1078 815 1110 lib.
836 1087 875 1109 11.
900 1076 1033 1109 Histor.
1058 1077 1244 1109 Rhemens.
1268 1087 1339 1119 cap.
1363 1085 1447 1109 XVI.
1475 1081 1495 1095 ‘⁵
1513 1077 1602 1110 Bea-

244 1140 318 1167 tum
337 1134 567 1178 Rigobertum
585 1138 722 1166 secutus
740 1133 829 1166 Abel
847 1134 883 1165 in
901 1132 1118 1174 episcopatus
1136 1132 1255 1165 ordine
1269 1132 1463 1174 reperitur:
1481 1144 1600 1175 quam-

242 1192 295 1223 vis
324 1201 403 1222 eum
433 1190 575 1232 quidam
604 1189 887 1231 chorepiscopum
915 1193 1051 1220 tantum
1082 1188 1189 1220 fuisse
1220 1188 1370 1226 tradant,
1401 1188 1598 1230 pontificem

242 1253 357 1279 tamen
375 1246 472 1278 illum
491 1246 636 1277 diversis
655 1244 902 1277 assertionibus
921 1244 1117 1275 invenimus
1141 1243 1328 1276 extitisse.''
1378 1242 1517 1276 Profert
1540 1244 1598 1276 de-

242 1303 321 1334 inde
351 1302 436 1334 duas
467 1301 627 1343 epistolas
658 1300 842 1332 Zachariae
876 1310 984 1341 papae
1018 1299 1144 1341 quibus
1177 1299 1304 1331 diserte
1337 1299 1373 1331 id
1404 1299 1594 1342 probatur:

242 1369 311 1390 una
337 1358 460 1389 harum
487 1361 538 1388 est
564 1367 659 1388 num.
688 1364 739 1387 lv.
768 1355 858 1387 inter
884 1355 1004 1393 editas,
1032 1355 1140 1386 altera
1166 1358 1218 1386 est
1245 1362 1400 1386 LXXXV.
1431 1359 1514 1387 tom.
1542 1364 1596 1387 111.

241 1413 422 1445 Concilior.
442 1412 491 1444 ait
509 1412 641 1449 deinde,
662 1415 682 1429 ‘⁶
701 1410 848 1442 Chartas
866 1410 1009 1452 reperiri
1028 1410 1136 1452 ipsius
1155 1410 1305 1452 episcopi
1324 1410 1461 1442 nomine
1479 1411 1597 1443 titula-

243 1475 295 1501 tas
309 1469 337 1507 ;”
364 1473 439 1500 tum
458 1468 630 1500 concludit
648 1477 769 1499 verum
789 1477 871 1503 esse,
891 1466 1005 1498 sedem
1023 1476 1097 1497 eam
1116 1466 1245 1497 rexisse
1265 1466 1373 1503 illum,
1393 1476 1435 1498 ex
1453 1467 1597 1508 epistola

243 1524 414 1557 Hadriani
434 1524 460 1556 Ι.
480 1524 522 1556 ad
541 1523 733 1566 THpinum,
752 1533 823 1560 seu,
842 1526 882 1554 ut
899 1521 975 1553 aliis
1000 1521 1124 1559 visum,
1150 1520 1348 1563 Turpinum
1374 1521 1597 1564 archiepisco-

240 1592 323 1623 pum
338 1580 579 1612 Rhemeusem.
615 1579 718 1611 Addo
734 1578 940 1621 Catalogum
954 1577 1145 1614 laudatum,
1160 1577 1195 1609 in
1210 1588 1278 1619 quo
1293 1577 1341 1609 sic
1359 1577 1527 1619 scriptum
1544 1588 1596 1610 re-

240 1636 357 1679 perio:
386 1641 405 1653 “
424 1635 460 1668 S.
479 1635 568 1667 Abel
588 1634 709 1666 Scotus
734 1634 860 1666 residet
883 1633 919 1664 in
943 1633 1083 1665 ecclesia
1106 1632 1306 1671 Rhemensi,
1331 1633 1389 1665 sed
1413 1633 1456 1665 ab
1478 1634 1596 1665 eadem

240 1703 375 1735 quoque
394 1692 586 1734 depellitur,
605 1690 812 1732 tandemque
830 1688 915 1721 obiit
933 1689 968 1721 in
986 1688 1196 1720 monasterio
1220 1687 1408 1721 Laubiensi
1432 1688 1595 1721 dioecesis

239 1747 517 1780 Cameracensis:
546 1746 637 1778 hunc
662 1745 802 1788 quidam
821 1755 889 1776 non
908 1748 1102 1782 numerant,
1128 1748 1162 1776 et
1187 1743 1375 1776 secundum
1399 1744 1463 1776 hoc
1487 1743 1595 1776 Hinc-

238 1814 354 1836 marus
384 1803 421 1835 in
453 1802 628 1845 epitaphio
658 1801 693 1834 S.
725 1801 877 1844 Remigii
914 1812 949 1833 se
984 1804 1084 1833 vocat
1117 1808 1234 1831 XXXI.
1269 1799 1466 1842 episcopum
1501 1799 1595 1832 Rhe-

238 1870 400 1897 mensem,
415 1864 449 1891 et
464 1867 547 1891 XVI.
563 1869 581 1890 a
596 1857 630 1890 S.
647 1855 843 1901 Remigio.”
885 1855 952 1888 Sed
965 1860 1085 1888 contra
1098 1855 1186 1887 hanc
1201 1854 1382 1887 Hincmari
1397 1855 1592 1898 opinionem

237 1920 306 1948 stat
331 1915 458 1947 veritas
485 1915 569 1957 ipsa,
595 1918 636 1946 ut
661 1913 796 1946 abunde
822 1911 927 1944 verba
952 1911 1109 1955 Catalogi
1135 1911 1236 1943 istius
1262 1911 1421 1943 ecclesiae
1446 1910 1593 1943 fideliter

237 1971 364 2013 scripta
389 1975 423 2003 et
446 1972 554 2003 relata
580 1969 739 2012 probant,
758 1971 894 2011 praeter
911 1967 940 1999 F
943 1967 1096 1999 lodoardi
1115 1971 1250 1998 textum
1268 1966 1590 1999 evidentissimum:

237 2027 324 2059 addo
351 2031 384 2059 et
410 2026 592 2058 Laurentii
619 2025 712 2057 Surii
739 2023 850 2061 fidem,
876 2023 937 2065 qui
959 2023 996 2054 in
1019 2023 1091 2054 vita
1114 2022 1149 2054 S.
1175 2021 1357 2066 Rigoberti
1380 2027 1463 2054 tom.
1488 2031 1510 2053 1.
1538 2022 1593 2054 die

239 2091 291 2114 lv.
315 2081 475 2114 Januarii
501 2081 731 2113 Hincmarum
757 2079 857 2122 ponit
879 2078 1041 2121 quintum
1063 2089 1083 2110 a
1104 2077 1139 2110 S.
1164 2077 1355 2121 Rigoberto
1377 2077 1593 2110 Rhemorum

236 2139 444 2181 episcopum,
478 2137 570 2180 quod
599 2146 720 2168 verum
751 2145 819 2167 non
850 2138 949 2172 esset,
979 2134 1045 2166 nisi
1080 2133 1355 2175 archiepiscopus
1389 2137 1592 2165 numeretur

235 2194 270 2226 S.
289 2193 388 2232 Abel,
413 2204 493 2226 nam
516 2204 555 2225 eo
578 2191 821 2235 praetermisso
844 2189 1066 2232 reperiuntur
1088 2194 1223 2222 tantum
1246 2194 1398 2231 quatuor
1422 2188 1491 2226 isti,
1519 2187 1590 2220 Til-

234 2251 348 2292 pinus,
368 2260 428 2282 seu
445 2248 467 2281 J
471 2259 596 2281 oannes
620 2247 810 2290 Turpinus‚
837 2246 935 2289 cujus
961 2256 1085 2277 nomen
1112 2244 1288 2277 fabulosae
1309 2245 1351 2276 de
1374 2243 1497 2276 Carolo
1516 2243 1590 2275 Ma—

234 2317 302 2349 gno
328 2310 362 2338 et
388 2305 545 2338 Rolando
573 2303 751 2336 Historiae
777 2301 989 2345 praefigitur,
1016 2299 1197 2333 Vulfarius
1226 2300 1395 2333 Ludovici
1431 2298 1483 2331 Pii
1514 2309 1591 2331 can-
