1861 2682
258 272 317 301 106
624 267 849 300 HISTORIA
872 263 1235 297 ECCLESIASTICA

402 361 512 395 Notas
529 361 565 394 in
585 365 772 402 utrumque
790 357 1054 390 Testamentum
1217 353 1277 386 lib.
1297 361 1321 385 1.

307 418 444 452 Floruit
461 427 552 450 anno
571 423 704 449 MDXX.
723 413 872 447 Boethio
896 414 1106 444 memoratus
1129 409 1167 442 in
1190 409 1265 442 vita
1281 406 1445 441 Gulielmi
1463 405 1609 451 Elphin·

259 475 360 508 stoni.

588 563 863 599 ARTHURUS
888 559 1153 596 BOETHIUS.
1208 561 1288 597 193.

261 643 481 675 ARTHURUS
499 639 679 677 Boethius,
699 636 859 669 Hectoris
882 634 1001 672 frater,
1024 633 1079 665 vir
1101 643 1199 665 rarae
1224 631 1439 671 eruditionis,
1463 631 1612 664 cultissi-

259 709 335 731 mae
358 696 581 739 eloquentiae,
606 698 640 726 et
663 704 683 726 a
704 691 840 736 vulgari
864 689 1091 728 abhorrentis,
1114 688 1230 733 gravis
1254 687 1414 721 dictionis
1438 692 1471 721 et
1496 687 1611 720 candi-

263 755 336 792 dae,
350 752 441 797 juris
458 749 625 794 pontificii
643 749 772 785 doctor,
791 746 929 789 scripsit

354 807 529 849 Excerpta
546 816 588 838 ex
605 804 628 837 J
631 815 691 837 ure
708 801 901 840 Pontificio,
919 811 1007 844 quae
1024 804 1107 833 sunt
1124 799 1232 833 veluti
1251 799 1431 838 Paratitla,
1449 798 1508 832 lib.
1530 807 1553 830 1.

308 863 461 898 Docebat
477 861 697 895 Aberdoniae
714 869 806 892 anno
825 865 957 891 MDXX.

542 953 859 990 ALEXANDER
885 950 1193 986 BARCLAYUS.
1248 952 1329 988 194.

260 1032 523 1066 ALEXANDER
541 1029 731 1072 Barclayus
745 1027 878 1065 scotus,
891 1029 932 1058 ut
945 1024 1065 1058 retulit
1078 1024 1150 1067 ipse
1163 1022 1186 1055 J
1188 1033 1314 1056 oannes
1330 1022 1489 1056 Pitsaeus
1503 1029 1613 1056 aetate,

261 1096 344 1121 XVI.
367 1087 409 1120 ab
425 1086 548 1119 habitu
570 1084 612 1117 D.
635 1083 816 1116 Benedicti
839 1082 881 1114 ad
906 1080 1164 1116 Fraueiseanos,
1188 1083 1273 1121 puta
1295 1089 1315 1111 a
1337 1077 1500 1111 facilioris
1522 1080 1614 1112 vitae

259 1144 417 1176 libertate
443 1142 485 1174 ad
511 1140 691 1174 severioris
709 1139 848 1183 regulae
867 1135 1133 1173 observantiam,
1158 1134 1343 1173 transivit3
1371 1138 1471 1177 poeta
1488 1139 1522 1166 et
1540 1145 1612 1167 ora-

261 1205 315 1232 tor
342 1198 377 1230 in
402 1198 520 1241 paucis
546 1195 697 1233 celebris,
722 1194 878 1227 Thomae
899 1191 1059 1229 Cornitii,
1078 1190 1292 1223 Tavenensis
1309 1189 1487 1228 antistitis,
1505 1191 1612 1232 capel-

261 1257 371 1292 lanus,
398 1258 472 1286 tum
499 1250 745 1285 Bathoniensis
771 1250 987 1292 episcopatus
1013 1245 1233 1290 suffraganei.
1284 1244 1439 1288 Scripsit,
1469 1255 1529 1278 seu
1559 1256 1613 1277 ve-

261 1311 332 1343 rius
350 1320 392 1343 ex
410 1308 538 1341 Latino
554 1306 721 1350 Anglicos
738 1305 830 1342 fecit,

404 1363 581 1397 Mancium
600 1361 641 1393 de
658 1359 859 1393 Virtutibus
1175 1355 1234 1388 lib.
1254 1364 1279 1389 1.

403 1419 524 1452 Vitam
542 1417 576 1449 S.
596 1416 815 1460 Margaretae
1177 1412 1237 1445 lib.
1256 1420 1281 1444 1.

405 1474 525 1507 Vitam
543 1473 578 1505 S.
596 1471 804 1504 Catharinae
1179 1467 1238 1500 lib.
1258 1476 1283 1499 Ι.

404 1530 524 1564 Vitam
542 1527 577 1560 S.
596 1526 804 1560 Ethelredae
1176 1523 1235 1556 lib.
1256 1531 1281 1555 1.

405 1585 525 1619 Vitam
544 1583 578 1616 S.
598 1582 749 1626 Georgii,
768 1592 810 1613 ex
828 1581 1032 1619 Mantuano,
1177 1579 1236 1611 lib.
1256 1587 1281 1611 1.

406 1642 568 1684 Quinque
585 1639 734 1682 Eclogas
751 1637 904 1681 ejusdem
1175 1634 1234 1667 lib.
1254 1642 1279 1667 1.

406 1697 594 1730 Castellum
612 1694 758 1727 Laboris
1177 1690 1236 1723 lib.
1256 1698 1281 1722 1.

406 1752 593 1786 Bucolicon
611 1749 715 1782 Codri
1176 1745 1235 1778 lib.
1254 1754 1279 1778 1.

406 1807 573 1851 Eclogam
591 1809 752 1848 quartam
1176 1800 1235 1833 lib.
1255 1809 1280 1833 1.

407 1863 541 1896 Navem
561 1861 768 1894 stultiferam
1178 1856 1237 1888 lib.
1257 1865 1281 1888 1.

406 1919 536 1952 Contra
553 1917 749 1950 Sceltonum
1177 1911 1236 1944 lib.
1256 1920 1281 1944 1.

407 1975 460 2007 De
478 1973 629 2006 Miseriis
647 1972 851 2004 Aulicorum
1176 1967 1236 2000 lib.
1256 1976 1280 2000 Ι.

408 2029 611 2062 Sallustium
629 2029 670 2060 de
688 2027 785 2059 Bello
803 2026 826 2058 J
828 2025 1019 2069 ugurthino
1174 2023 1233 2056 lib.
1256 2032 1280 2056 1.

409 2084 462 2117 De
480 2083 769 2116 Pronunciatione
787 2081 918 2114 Gallica
1178 2079 1236 2112 lib.
1257 2088 1281 2112 Ι.

314 2141 411 2175 Obiit
428 2139 630 2182 Croydonae
648 2138 684 2169 in
701 2136 832 2181 Anglia
849 2146 939 2169 anno
959 2143 1091 2168 MDLII.
1111 2146 1226 2168 mense
1243 2135 1265 2168 J
1268 2136 1362 2169 unio.

628 2230 836 2264 THOMAS
862 2239 915 2263 DE
943 2230 1125 2263 BARRY.
1178 2232 1258 2267 195.

269 2309 440 2342 THOMAS
463 2306 504 2338 de
527 2305 652 2348 Barry,
675 2304 857 2336 canonicus
881 2302 1110 2341 Glascuensis,
1133 2307 1167 2336 et
1189 2303 1322 2347 primus
1344 2303 1559 2347 praepositus
1577 2304 1618 2336 de

271 2363 440 2401 Bothwel‚
460 2362 515 2394 vir
532 2360 697 2405 elegantis
715 2359 856 2404 ingenii,
874 2364 908 2392 et
925 2359 1084 2398 disertus,
1103 2358 1241 2402 scripsit
