1861 2682
262 211 264 214 Ι
307 225 369 254 9382
682 224 906 256 HISTORIA
930 224 1293 256 ECCLESIASTICA

309 317 413 349 fuerit
433 317 638 350 translatum
658 327 782 358 corpus
800 320 969 353 sanctum,
995 315 1137 358 pulchre
1154 316 1347 357 explicatur
1363 316 1399 347 in
1419 315 1461 348 B.
1480 315 1660 349 Gummari

309 372 533 404 translatione
550 371 604 403 his
624 371 752 403 verbis:
780 376 789 389 ‘
800 370 834 402 N
838 370 970 403 ormani
988 381 1049 412 per
1066 369 1224 408 fluvium,
1243 371 1303 413 qui
1321 371 1449 403 dicitur
1466 371 1604 414 Scinpa,
1619 373 1661 404 ad

309 428 425 459 villam
445 426 643 459 Turvinum
661 427 884 464 devenerunt,
909 425 968 457 ubi
992 430 1067 458 erat
1094 426 1343 458 monasterium
1370 426 1404 459 S.
1423 426 1662 471 Fredegandis

311 483 532 522 confessoris3
553 483 611 514 sed
630 482 735 520 Deua
754 486 896 524 propter
913 481 1145 514 habitantium
1160 482 1380 524 iniquitatem
1395 493 1518 515 exosus
1536 484 1662 520 locum,

308 539 470 581 reliquias
492 538 600 581 jussit
618 538 726 580 ipsius
753 538 820 570 alte
844 537 1085 579 transportari,
1112 542 1151 569 ut
1174 538 1309 569 nullum
1333 543 1422 570 esset
1445 538 1661 571 obstaculum

308 598 428 626 contra
445 594 689 625 desolationem
704 604 712 631 ;
732 593 857 635 quibus
875 593 1031 631 sublatis,
1051 593 1147 625 velut
1165 603 1265 625 muro
1283 597 1317 625 et
1336 594 1491 626 turribus
1510 594 1662 626 civitatis

307 651 503 687 destructis,
530 650 633 681 irruit
651 660 735 692 gens
755 649 905 687 inimica,
934 653 967 680 et
993 648 1151 680 incendio
1177 649 1328 690 perdidit
1353 649 1471 682 omnia
1496 649 1660 688 aedificia,

309 706 491 747 ipsumque
509 704 757 736 monasterium
777 704 1002 746 consumpsit,
1024 704 1181 736 homines
1204 705 1333 746 partim
1354 705 1556 744 trucidavit,
1584 716 1662 748 par-

307 761 368 792 tim
383 761 536 802 captivos
549 760 740 792 abduxit.'⁷’
768 759 904 791 Colitur
915 760 988 803 ejus
1001 760 1168 792 memoria
1179 760 1234 792 die
1247 768 1346 792 XVII.
1359 759 1456 792 Julii.
1482 760 1537 793 Jo.
1551 761 1662 793 Mola-

306 827 370 848 nus
382 817 419 848 in
431 815 611 847 Addition.
625 816 667 847 ad
680 815 891 848 Usuardum.
928 815 1074 847 Arnold.
1090 815 1207 847 Uvion
1221 815 1280 847 lib.
1297 825 1354 848 111.
1371 815 1450 860 Lig.
1465 815 1567 849 Vitae
1581 827 1659 860 pag.

307 880 486 904 CCXXVII.
534 870 757 915 Argentonae
775 871 969 914 depositum
989 872 1066 903 vult
1083 871 1210 903 certius
1228 871 1391 904 Moraeus
1410 872 1445 904 in
1464 872 1660 914 epitaphio:

560 965 676 992 Dormio
689 975 774 1002 prope
789 965 884 997 Sabin,
899 965 947 993 sed
961 975 1005 992 me
1020 965 1054 992 ad
1069 964 1191 991 Scaldim
1205 965 1344 1001 vigilasse,

560 1012 740 1048 Antverpum
756 1011 840 1043 dicet,
855 1012 913 1039 voci
928 1011 999 1049 quod
1015 1011 1143 1049 praebuit
1159 1021 1262 1039 aurem.

351 1099 441 1143 Ejus
459 1105 539 1132 sunt
690 1100 864 1132 Homiliae
882 1100 924 1132 de
941 1100 1076 1133 Sanctis
1318 1100 1377 1133 lib.
1394 1109 1417 1133 1.

351 1155 451 1188 Vixit
468 1167 559 1188 anno
579 1165 639 1188 DC.
660 1161 721 1188 aut
739 1156 885 1194 circiter,
906 1156 981 1188 MS.
1007 1157 1206 1201 collegiatae
1229 1157 1389 1189 ecclesiae
1413 1156 1658 1189 monasterien-

303 1212 359 1249 sis,
378 1216 438 1244 aut
457 1223 546 1244 anno
566 1220 654 1244 DCL.
676 1212 791 1244 Uvion
811 1211 937 1244 ibidem
955 1212 1031 1244 loci.

726 1324 760 1356 S.
790 1323 1103 1357 FRIDERICUS.
1154 1323 1234 1357 516.

302 1435 335 1467 S.
372 1435 630 1473 FRIDERICUS‚
668 1435 847 1477 episcopus
878 1435 1043 1479 Trajecti,
1078 1435 1343 1468 Germaniarum
1380 1437 1567 1478 apostolus,
1603 1436 1656 1468 vir

302 1492 402 1533 plane
425 1490 576 1528 divinus,
601 1495 634 1522 et
655 1495 798 1533 martyr.
848 1490 989 1523 Scotum
1008 1502 1134 1530 assero,
1158 1492 1363 1524 auctoritate
1382 1491 1545 1524 Gulielmi
1565 1491 1655 1524 Mal-

301 1546 544 1578 mesburiensis
559 1546 614 1578 lib.
631 1554 653 1578 Ι.
671 1545 765 1578 Gest.
783 1546 913 1579 Pontif.
933 1558 1011 1590 pag.
1031 1556 1128 1580 CXII.
1149 1552 1169 1566 “
1187 1547 1281 1580 Eum
1300 1547 1494 1580 sanctitatis
1514 1546 1656 1580 Bonifa-

300 1602 342 1633 cii
361 1607 478 1634 nectar
496 1602 696 1644 spirantem,
715 1606 835 1644 utpote
854 1608 1014 1645 nepotem
1033 1608 1067 1636 et
1090 1604 1309 1646 discipulum,
1335 1603 1533 1636 Ludovicus
1557 1603 1653 1641 Pius,

300 1657 341 1689 F.
356 1656 471 1689 Caroli
486 1656 621 1700 Magni,
635 1658 839 1700 promovit.”
875 1658 909 1690 S.
927 1658 1145 1691 Bonifacium
1161 1670 1284 1692 novem
1298 1659 1491 1692 rationibus
1509 1658 1653 1701 probavi

299 1712 439 1745 Scotum
458 1723 541 1750 esse,
560 1713 663 1755 idque
681 1713 783 1745 bullis
800 1714 1013 1756 pontificum,
1031 1720 1070 1747 ut
1089 1715 1198 1757 ipsius
1211 1715 1252 1747 de
1267 1726 1302 1747 se
1316 1714 1431 1752 verba,
1446 1718 1480 1747 et
1494 1714 1528 1747 S.
1544 1713 1652 1747 Mari-

299 1768 355 1800 ani
374 1768 478 1806 Scoti,
497 1769 677 1807 omittam3
700 1770 817 1812 itaque
835 1774 971 1812 oportet
987 1771 1089 1809 hunc,
1112 1771 1194 1813 quia
1215 1775 1385 1813 nepotem,
1409 1770 1562 1814 ejusdem
1581 1781 1653 1804 esse

298 1825 430 1866 patriae
445 1834 452 1856 :
489 1829 523 1856 et
556 1825 637 1867 quia
672 1824 853 1857 Caesarem
888 1826 1073 1868 impulerat
1102 1831 1142 1859 ut
1170 1826 1352 1858 Juditham
1380 1836 1523 1858 uxorem
1549 1827 1653 1859 nimis

298 1881 411 1912 vicino
428 1881 539 1924 gradu
558 1881 711 1912 illicitam
730 1881 930 1919 dimitteret,
949 1886 983 1914 et
1001 1882 1037 1913 in
1054 1882 1303 1914 monasterium
1317 1882 1526 1920 detruderet,
1541 1881 1652 1916 faceta

299 1937 339 1968 de
357 1937 468 1978 capite
486 1936 588 1978 piscis
608 1936 704 1978 prius
723 1937 853 1968 edendo
871 1937 1140 1981 interrogatione
1158 1937 1192 1968 id
1211 1937 1382 1975 evincens,
1409 1937 1468 1969 illa
1493 1938 1652 1971 muliebri

298 1992 413 2024 dolore
431 1992 571 2029 exarsit,
597 1996 631 2023 et
657 1992 732 2024 viro
750 1991 815 2023 Dei
841 2003 902 2034 per
926 1992 1066 2025 sicarios
1092 1997 1239 2025 mortem
1265 1993 1424 2035 paravit3
1451 2004 1555 2036 quam
1574 2005 1651 2026 cum

298 2047 510 2090 praescisset,
529 2058 625 2079 sacro
642 2047 822 2085 celebrato,
849 2047 942 2079 intro
966 2034 1031 2080 eos⁴
1047 2049 1194 2086 vocavit,
1221 2049 1381 2092 martyrii
1399 2050 1544 2092 cupidus
1563 2051 1650 2082 reni-

296 2108 407 2136 tentes
426 2103 590 2140 accendit,
608 2113 790 2145 percussus
809 2103 850 2134 de
874 2102 957 2147 fuga
983 2104 1199 2136 sollicitanda
1223 2105 1371 2142 monuit,
1394 2105 1585 2147 elapsisque
1609 2105 1652 2138 iis

295 2160 423 2191 clerum
443 2158 634 2196 advocavit,
653 2158 712 2201 qui
732 2158 846 2200 ipsum
865 2158 976 2191 adhuc
995 2160 1126 2198 vivum,
1154 2160 1212 2192 sed
1230 2160 1333 2192 morti
1352 2160 1597 2203 propinquum,
1616 2161 1652 2193 in

294 2219 454 2257 paratum
485 2215 659 2247 tumulum
691 2213 845 2253 inferret,
878 2214 937 2257 qui
968 2215 1095 2248 crebris
1126 2215 1302 2248 miraculis
1333 2216 1456 2248 merita
1484 2216 1648 2258 loquitur.

294 2270 438 2314 Scripsit
