1861 2682
636 269 806 301 GENTIS
831 266 1100 304 SCOTORUM,
1126 265 1212 296 LIB.
1238 265 1262 295 I.
1592 265 1632 295 49

272 363 422 397 hominis
448 362 637 396 Christiani
664 372 784 394 versus
810 361 851 393 de
878 359 1056 392 Salvatore
1082 356 1226 390 humani
1250 355 1386 400 generis
1416 359 1451 387 et
1475 355 1625 397 Deipara

272 419 418 464 Virgine
453 430 473 451 a
506 418 690 461 bibliopola
723 417 839 460 aliquo
873 415 1010 448 indocto
1048 414 1140 446 inter
1180 412 1447 456 Epigrammata
1487 409 1624 442 Claudi-

273 475 330 507 ani
349 475 550 507 collocatos:
576 473 667 516 quod
687 472 877 505 Prudentio
899 475 933 502 et
958 470 1034 502 aliis
1058 469 1230 511 plerisque
1254 466 1412 511 contigit.
1463 464 1628 498 Adducor

271 534 387 562 autem
418 529 605 572 impensius
635 533 675 561 ut
704 528 740 560 id
769 527 974 563 existimem,
1004 524 1097 567 quod
1127 523 1379 567 epigrammata
1403 521 1486 554 haec
1511 521 1581 553 duo
1606 531 1626 552 a

272 584 347 617 MS.
367 595 442 617 meo
460 585 610 627 optimae
627 589 728 617 notae
745 583 936 616 Claudiano
953 580 1068 613 absint
1083 589 1092 618 3
1119 583 1160 611 ut
1178 578 1337 610 omittam
1355 587 1424 609 non
1448 587 1521 610 esse
1539 576 1626 608 veri-

270 640 382 672 simile
399 650 574 684 paganum
592 640 766 672 hominem
787 643 922 671 nostrae
939 636 1061 669 salutis
1079 634 1246 678 mysteria
1263 638 1335 666 tam
1353 633 1510 676 apposite
1527 636 1625 675 potu-

271 696 336 728 isse
354 695 565 740 coguovisse.
616 695 747 728 Versus
765 699 880 727 autem
899 696 1001 726 sunt:

566 765 677 792 Christe
690 770 798 802 potens,
813 773 905 792 rerum
918 761 1063 790 redeuntis
1077 761 1202 789 conditor
1217 761 1287 794 aevi,

566 810 629 837 Vox
642 811 744 838 summi
757 818 910 847 sensusque
925 808 990 839 Dei,
1004 817 1087 844 quem
1103 807 1179 834 fudit
1192 807 1226 835 ab
1240 806 1297 834 alta

567 856 666 884 Mente
680 862 768 893 pater.
960 847 1049 880 Vide
1066 847 1210 890 reliqua.

319 919 468 953 Vivebat
485 920 542 952 hic
560 930 650 952 anno
669 928 800 952 DCCLI.
820 922 880 952 aut
898 922 1036 961 praeter
1054 922 1206 962 propter.

316 975 463 1019 Scripsit
482 980 599 1008 autem
617 976 673 1008 hic

416 1031 594 1074 Epistolas
614 1032 705 1074 stylo
724 1030 847 1063 florido
1188 1030 1246 1064 lib.
1267 1039 1292 1062 1.

416 1086 582 1119 Carmina
600 1097 697 1119 sacra
1190 1086 1249 1119 lib.
1270 1095 1293 1118 1.

319 1142 434 1175 Lubet
452 1147 568 1175 autem
588 1142 643 1174 hic
660 1153 738 1174 cum
757 1141 900 1174 Nicolao
919 1141 1066 1181 Serario,
1088 1142 1163 1175 viro
1177 1143 1234 1185 pio
1249 1147 1283 1175 et
1296 1141 1442 1180 erudito,
1456 1141 1629 1174 societatis

270 1197 292 1229 J
295 1208 355 1230 esu
373 1197 586 1240 presbytero,
604 1198 834 1239 expostulare,
855 1197 915 1240 qui
933 1197 1074 1230 Scotum
1093 1198 1344 1241 interpretatur
1362 1196 1569 1236 Hibernum,
1597 1202 1630 1229 et

271 1264 310 1286 eo
327 1253 403 1291 loci,
422 1257 456 1285 et
473 1253 510 1284 in
528 1252 620 1285 notis
638 1252 681 1285 ad
701 1252 735 1284 S.
756 1251 899 1294 Kyliani
917 1252 1037 1285 Vitam
1056 1265 1098 1286 ex
1116 1254 1213 1287 Beda
1235 1254 1294 1287 lib.
1320 1262 1378 1286 111.
1402 1253 1509 1297 Angl.
1536 1253 1630 1286 Hist.

271 1319 344 1351 cap.
364 1317 423 1341 111.
442 1318 522 1341 nam
541 1308 605 1340 etsi
624 1318 744 1340 verum
763 1307 809 1340 sit
828 1307 960 1339 Bedam
978 1308 1165 1351 aliquando
1183 1310 1238 1341 vel
1255 1310 1330 1353 ejus
1348 1310 1424 1342 aevi
1447 1309 1630 1352 scriptores

270 1375 333 1407 pro
348 1363 514 1397 Hibernis
528 1362 647 1396 Scotos
660 1363 849 1401 nominare,
865 1363 958 1405 quod
972 1364 1165 1396 communis
1179 1365 1319 1407 utrique
1332 1365 1428 1408 genti
1447 1365 1631 1407 appellatio

274 1425 374 1459 esset,
391 1425 507 1453 tamen
521 1424 555 1452 et
570 1419 662 1462 apud
676 1419 823 1452 eundem
838 1418 981 1458 Bedam,
997 1424 1031 1452 et
1045 1420 1197 1452 melioris
1212 1424 1314 1453 notae
1330 1425 1496 1458 auctores,
1515 1421 1633 1463 populi

273 1477 324 1509 illi
341 1476 618 1520 distinguuntur,
637 1486 748 1518 neque
765 1475 876 1507 ullum
894 1479 946 1507 est
964 1474 1140 1518 probabile
1158 1480 1415 1520 argumentum,
1430 1487 1492 1509 cur
1509 1476 1632 1509 Scotus

272 1533 328 1565 ille
355 1532 496 1576 ignotus
526 1531 648 1564 debeat
678 1531 856 1564 Hibernus
887 1531 1028 1564 censeri.
1083 1530 1133 1564 Ut
1162 1532 1282 1564 sileam
1307 1532 1505 1565 societatem
1538 1533 1633 1565 illam

272 1589 372 1631 plura
389 1587 500 1620 Scotis
518 1597 621 1630 quam
643 1587 807 1620 Hibernis
825 1587 958 1626 debere,
977 1598 1046 1620 non
1064 1598 1147 1632 ergo
1164 1592 1304 1632 gentem
1329 1588 1442 1621 solum
1466 1592 1632 1624 nostram,

273 1649 306 1676 et
324 1643 545 1686 antiquitatis
563 1643 728 1676 nostratis
746 1642 959 1681 memoriam,
977 1644 1036 1675 sed
1054 1648 1088 1676 et
1106 1643 1306 1686 symmistas
1325 1654 1405 1676 suos
1423 1654 1492 1676 non
1510 1644 1632 1676 leviter

273 1700 394 1732 doctus
414 1699 471 1732 ille
489 1703 588 1742 pater
605 1699 724 1732 violat.
776 1697 866 1730 Vide
883 1698 1115 1742 Apparatum.

557 1810 877 1843 ALEXANDER
902 1809 1247 1844 ANDERSONUS.
1301 1814 1357 1844 80.

275 1924 542 1957 ALEXANDER
559 1922 799 1961 Andersonus,
817 1924 852 1955 S.
871 1922 1085 1967 Theologiae
1102 1923 1244 1962 Doctor‚
1268 1933 1359 1956 unus
1383 1934 1425 1956 ex
1447 1924 1489 1956 iis
1510 1924 1568 1967 qui
1594 1935 1636 1957 ex

278 1981 367 2012 clero
393 1978 632 2012 Aberdonensi
659 1979 769 2017 electi,
796 1978 1055 2023 Edimburgum
1081 1978 1225 2021 profecti
1253 1978 1331 2011 fidei
1357 1990 1440 2013 suae
1465 1980 1634 2013 rationem

276 2035 512 2073 reddiderunt,
526 2045 629 2077 quem
643 2034 798 2067 comitati
812 2039 894 2068 sunt
911 2033 935 2066 J
937 2045 1065 2067 oannes
1083 2034 1258 2074 Leslaeus‚
1274 2039 1349 2067 tum
1364 2035 1527 2074 officialis,
1542 2042 1634 2079 post-

278 2102 318 2123 ea
343 2094 482 2122 senator
507 2090 617 2133 regni,
642 2094 676 2123 et
700 2090 879 2133 episcopus
904 2090 1097 2129 Rossensis,
1117 2089 1290 2123 Patricius
1314 2090 1514 2134 Myrtonus‚
1538 2091 1637 2125 Jaco-

278 2146 341 2179 bus
367 2144 590 2177 Strachanus.
643 2144 711 2177 Hic
737 2150 771 2179 et
796 2146 966 2189 intrepide
991 2151 1025 2178 et
1048 2146 1175 2179 diserte
1193 2145 1384 2180 haereticos
1402 2147 1633 2192 impugnavit,

281 2206 313 2235 et
332 2204 452 2244 postea
468 2200 505 2232 in
522 2200 652 2243 scripta
668 2201 803 2245 redegit

422 2254 626 2288 Tractatum
645 2256 687 2289 de
704 2255 869 2289 sacrificii
886 2257 1020 2291 Altaris
1039 2258 1196 2292 veritate
1214 2264 1249 2292 et
1268 2258 1409 2292 Ritibus
1436 2259 1494 2292 lib.
1515 2269 1538 2292 1.

325 2311 503 2345 Scribebat
521 2322 611 2344 anno
631 2319 761 2344 MDLx.
813 2311 835 2344 J
838 2322 868 2345 ο.
888 2311 1051 2347 Leslaeus
1069 2314 1127 2347 lib.
1148 2323 1186 2347 X.
1204 2325 1284 2360 pag.
1304 2322 1476 2347 DLXXIV.

945 2376 973 2400 Η
