1861 2682
636 276 807 310 GENTIS
831 273 1100 311 SCOTORUM,
1127 274 1213 306 LIB.
1239 275 1264 306 Ι.
1590 277 1625 306 51

416 371 683 416 Epigrammata
701 379 742 403 11.
762 370 804 402 de
823 369 1028 413 Hypocrita,
1047 368 1166 401 itidem
1185 366 1325 400 Graece.

275 428 407 461 Eadem
441 427 709 472 Epigrammata
742 426 868 459 Latine
902 424 1019 463 vertit,
1055 428 1089 457 et
1122 423 1242 462 edidit,
1277 433 1365 466 quae
1398 422 1476 456 ideo
1510 421 1627 456 Titius

272 485 360 517 male
379 495 420 516 ex
438 484 550 526 lapide
569 482 690 515 Italico
708 482 900 523 desumpta,
918 485 952 513 et
969 491 1012 513 ex
1029 479 1230 512 membrana
1248 478 1420 518 Patrensi,
1439 478 1598 512 affirmat.

320 538 470 571 Vivebat
488 549 579 571 anno
598 546 726 570 MDxe.
768 536 944 569 Robertus
962 535 1080 569 Titius
1098 546 1139 568 ea
1156 534 1338 568 Michaelis
1355 534 1511 568 Neandri
1530 534 1629 568 Sora-

272 593 403 626 viensis
423 604 526 636 opera
544 593 719 636 publicata
735 591 866 626 scribit.

760 758 1038 793 ALBERTUS.
1090 760 1146 793 84.

271 872 488 906 ALBERTUS
519 871 716 915 Presbyter,
747 878 808 904 aut
838 871 1059 910 Aldebertus,
1090 874 1152 904 aut
1181 869 1402 910 Eldebertus,
1436 874 1477 904 ut
1508 869 1632 904 othlo-

272 939 337 962 nus
371 928 527 971 loquitur
559 928 618 961 lib.
655 936 679 960 1.
715 928 758 960 de
790 926 875 960 Vita
915 926 950 959 S.
986 925 1159 959 Bonifacii
1203 937 1282 971 pag.
1317 935 1518 959 cceexml.
1561 937 1631 960 una

271 995 349 1017 cum
377 983 554 1017 Clemente
580 987 614 1016 et
640 982 805 1016 Samsone
831 982 1042 1025 presbyteris
1068 982 1105 1014 in
1131 981 1254 1015 Galliis
1272 993 1350 1015 cum
1368 982 1570 1022 Adelberto,
1594 983 1631 1016 in

272 1040 425 1073 Bavaria
458 1050 536 1072 cum
571 1038 724 1083 Sydonio
768 1038 1024 1081 archiepiscopo
1066 1038 1255 1071 amicitiam
1297 1039 1425 1078 coluit3
1469 1048 1633 1083 magnam

273 1106 351 1127 cum
391 1094 574 1128 Bonifacio
616 1095 691 1127 cive
733 1105 805 1133 suo,
849 1093 1055 1138 Moguntiae
1097 1093 1364 1137 archiepiscopo,
1406 1094 1634 1127 controversi-

273 1162 329 1183 am
363 1151 565 1189 exercuisse,
600 1158 720 1183 auctor
750 1154 802 1183 est
832 1149 888 1183 ιῘο.
918 1149 1118 1182 Aventinus
1152 1149 1189 1182 in
1222 1148 1420 1183 Annalibus
1454 1149 1632 1183 Boiorum.

274 1205 367 1237 Eum
386 1204 554 1238 Wicelius
568 1205 690 1250 junior
709 1205 828 1238 acerbe
850 1205 955 1237 nimis
978 1205 1116 1238 vellicat
1139 1216 1218 1238 cum
1241 1205 1342 1239 sociis
1366 1206 1403 1239 in
1426 1205 1511 1239 Vita
1528 1205 1635 1239 Boni-

274 1259 377 1293 facii:

567 1329 757 1366 progenerans
771 1327 905 1366 quosdam
921 1327 1019 1365 Stygio
1032 1337 1048 1356 e
1061 1329 1167 1357 foetore
1181 1334 1330 1362 scatentes,

571 1375 729 1412 Insipidum
744 1375 904 1407 Albertum,
920 1374 1106 1406 Clementem,
1119 1380 1149 1402 et
1163 1375 1264 1404 finibus
1278 1376 1366 1404 isdem

569 1421 739 1455 Samsonem,
755 1420 859 1453 Scotos,
873 1420 974 1449 sinceri
988 1420 1124 1457 dogmatis
1138 1421 1242 1455 hostes,

569 1466 717 1495 Audentes
731 1476 813 1495 sanae
827 1467 970 1495 doctrinae
984 1476 1123 1505 opponere
1137 1468 1237 1496 sancti.

322 1539 508 1582 Scripsisse
526 1539 678 1571 traditur

419 1594 461 1627 In
479 1594 725 1627 Controversia
742 1605 820 1627 cum
838 1594 1020 1629 Bonifacio
1235 1597 1294 1630 lib.
1316 1605 1369 1630 lv.

419 1650 597 1694 Epistolas
615 1650 660 1682 ad
677 1649 821 1683 Amicos
1244 1653 1303 1686 lib.
1324 1662 1349 1686 1.

324 1706 487 1740 Florebat
503 1716 594 1738 anno
612 1706 673 1738 sal.
695 1714 810 1739 DCCL.
855 1705 1080 1741 Haereticum
1098 1718 1178 1742 eum
1195 1708 1279 1742 facit
1297 1709 1472 1744 Othlonus
1488 1709 1637 1744 Fulden-

278 1763 335 1801 sis,
354 1764 427 1796 loco
444 1761 597 1801 laudato,
616 1766 650 1794 et
668 1761 789 1795 socios.

795 1872 1008 1907 ARLAUS.
1060 1877 1116 1908 85.

278 1984 454 2023 ARLAUS‚
488 1985 561 2018 sive
594 1984 792 2025 Wardlaus,
826 1986 969 2029 quidam
1003 1991 1126 2026 sartor,
1160 1987 1289 2031 impius
1324 1988 1498 2023 Sathanae
1529 1995 1638 2024 satra-

279 2051 334 2083 pa,
368 2041 501 2073 scelesti
533 2040 665 2074 Knoxii
695 2041 819 2081 socius,
851 2052 943 2074 unus
973 2053 1015 2075 ex
1046 2044 1214 2085 apostatis
1244 2045 1399 2088 reprobis
1428 2046 1488 2089 qui
1523 2045 1638 2080 Calvi-

279 2097 315 2128 ni
334 2095 504 2128 haeresim
525 2096 563 2128 in
579 2095 731 2129 scotiam
752 2096 908 2130 furenter
929 2098 1135 2138 intulerunt,
1158 2100 1287 2144 quique
1314 2111 1336 2133 a
1360 2102 1494 2145 synodo
1517 2101 1639 2134 Edim·

283 2151 446 2196 burgensi
480 2151 635 2184 damnati
669 2152 826 2186 ecclesias
860 2152 981 2186 Perthi
1018 2159 1202 2190 vastarunt
1235 2162 1270 2190 et
1307 2157 1508 2201 dejecerunt
1550 2168 1640 2191 anno

285 2215 432 2240 MDLXI.
456 2211 497 2240 ut
514 2211 634 2240 narrat
655 2206 808 2240 Joannes
832 2208 982 2242 Boterus
1006 2210 1180 2246 Relation.
1205 2223 1239 2256 p.
1260 2221 1320 2246 111.
1343 2213 1402 2247 lib.
1423 2221 1446 2246 1.
1470 2223 1549 2258 pag.
1570 2221 1639 2245 LII.

283 2262 430 2306 Scripsit

426 2319 616 2354 Conciones
636 2320 795 2359 furiosas,
812 2321 1098 2356 cacodaemonum
1115 2323 1243 2366 spiritu
1261 2325 1388 2368 plenas,
1490 2324 1546 2357 lib.
1569 2332 1591 2356 1.
