1861 2682
299 245 381 278 290‘
681 246 908 278 HISTORIA
931 247 1295 279 ECCLESIASTICA

444 337 498 370 De
516 337 722 370 Germaniae
739 337 964 381 Antiquitate
981 337 1191 371 Dissertatio
1311 338 1371 371 lib.
1392 347 1416 371 1.

349 393 526 426 Scribebat
543 404 635 426 anno
653 402 742 426 MDI.
766 393 905 436 quando
922 393 1056 431 obierit,
1083 398 1144 426 aut
1168 393 1229 426 ubi
1254 394 1473 437 potissimum
1499 393 1655 428 floruerit

301 451 338 482 in
356 448 561 488 Germaniis‚
580 454 641 482 aut
658 460 727 492 quo
743 450 836 482 vitae
853 460 978 494 genere
996 459 1090 487 usus,
1109 449 1191 492 quia
1208 449 1282 492 ipse
1299 450 1336 483 in
1350 450 1486 494 scriptis
1501 451 1572 484 suis
1587 461 1657 484 non

300 505 469 543 meminit,
487 516 551 550 ego
569 516 638 538 non
656 505 877 548 deprehendi.

748 615 1078 650 FULGENTIUS.
1132 619 1213 654 547.

302 730 578 768 FULGENTIUS,
613 733 841 774 cognomento
874 728 1014 768 Audax,
1057 729 1121 762 sub
1159 729 1319 763 Donaldo
1354 729 1382 763 Ι.
1416 741 1497 775 rege
1530 742 1657 775 magna

299 786 430 830 ingenii
456 785 549 818 fama
575 786 734 830 vigebat„
751 785 922 828 siquidem
945 796 1006 818 rex
1034 786 1102 824 ille,
1129 785 1296 829 Septimio
1326 785 1453 819 Severo
1481 785 1655 831 Augusto,

299 842 358 885 qui
384 841 534 874 Eboraci
559 842 596 873 in
621 840 754 885 Anglia
778 840 874 878 obiit,
901 846 1109 884 contempto,
1136 846 1170 874 et
1196 842 1398 886 religionem
1424 842 1656 885 pietatemque

299 898 489 940 amplexus,
508 896 747 929 Christianum
766 907 833 935 aeS,
853 907 989 936 aurum,
1009 902 1112 942 atque
1137 902 1321 942 argentum
1340 898 1474 941 primus
1493 898 1656 942 signavit,

299 964 382 987 usus
400 953 491 986 fideli
510 952 690 997 Fulgentii
708 962 822 995 opera,
843 952 904 995 qui
922 954 1107 997 scripserat

443 1009 497 1042 De
515 1009 601 1042 Fide
619 1007 751 1041 Christi
890 1009 949 1041 lib.
970 1018 994 1041 1.
1013 1011 1106 1052 quod
1123 1021 1209 1053 opus
1227 1010 1363 1043 utinam
1379 1009 1482 1042 hodie
1499 1014 1654 1049 extaret3

490 1065 633 1098 haberet
687 1068 777 1096 certe
823 1063 938 1098 Scotia
986 1077 1055 1109 quo
1101 1065 1274 1099 fervorem
1324 1070 1358 1098 et
1410 1066 1655 1108 antiquitatem

490 1121 569 1154 fidei
603 1125 758 1164 receptae
793 1125 992 1159 ostentaret,
1026 1122 1145 1164 paucis
1184 1121 1348 1165 Europae
1385 1122 1503 1166 regnis
1541 1132 1653 1154 cessu-

489 1189 539 1217 ra,
575 1178 748 1220 permulta
778 1187 860 1209 vero
892 1182 1108 1220 superatura.
1171 1178 1335 1212 Meminit
1365 1177 1543 1211 Indiculus
1574 1188 1655 1210 ano-

490 1235 600 1278 nymi.

441 1291 494 1324 De
512 1290 752 1323 Romanorum
771 1289 916 1334 Injuriis
1213 1291 1272 1324 lib.
1292 1300 1316 1324 Ι.

442 1347 496 1380 De
514 1346 721 1379 vindicanda
738 1345 917 1379 Libertate
1211 1347 1270 1380 lib.
1290 1356 1314 1380 Ι.

440 1403 625 1437 Orationes
1212 1403 1271 1436 lib.
1292 1412 1317 1435 1.

443 1459 622 1503 Epistolas
765 1458 823 1491 lib.
845 1467 868 1490 1.
887 1463 1084 1502 susceperat
1102 1459 1193 1491 enim
1212 1469 1350 1491 causam
1369 1458 1557 1491 Britonum
1575 1469 1655 1492 con-

489 1520 545 1548 tra
562 1515 740 1547 libidinem
767 1514 1006 1547 Romanorum
1032 1515 1293 1553 defendendam,
1320 1519 1354 1547 et
1380 1515 1557 1557 suppetias
1584 1526 1653 1548 non

487 1572 590 1604 modo
608 1571 745 1613 scriptis
763 1571 821 1603 sed
838 1571 955 1614 gladio
972 1571 1001 1603 ei
1020 1571 1117 1614 genti
1135 1570 1227 1609 tulit,
1251 1570 1378 1603 missus
1402 1582 1423 1603 a
1446 1570 1605 1604 Donaldo
1625 1571 1651 1604 I.

489 1627 623 1660 Scotiae
640 1638 731 1671 rege.

439 1684 497 1717 Ad
515 1683 714 1716 Donaldum
732 1681 877 1722 scotiae,
897 1686 930 1716 et
950 1681 1164 1728 Thelargum
1182 1682 1361 1716 Pictorum
1379 1693 1506 1727 regem,
1525 1687 1558 1715 et
1576 1693 1654 1725 pro-

488 1750 580 1772 ceres
598 1738 798 1777 Britonum,
1212 1739 1270 1772 lib.
1290 1748 1314 1772 1.

343 1797 441 1831 Obiit
466 1797 504 1829 in
529 1795 611 1835 acie,
641 1795 796 1839 graviter
824 1795 1027 1828 vulneratus
1053 1806 1073 1828 a
1098 1794 1266 1838 Septimio
1292 1794 1419 1827 Severo
1444 1794 1651 1837 imperatore

295 1865 385 1889 anno
415 1861 521 1886 CCXI.
574 1851 679 1884 Hunc
710 1851 970 1894 stupidissimus
1000 1851 1174 1894 bipedum,
1200 1851 1295 1883 nullo
1322 1855 1462 1883 auctore
1491 1850 1650 1888 adducto,

294 1910 316 1943 J
319 1920 446 1943 oannes
464 1908 625 1941 Pitsaeus
642 1907 800 1951 Anglum
818 1917 887 1940 non
905 1906 1074 1939 erubescit
1091 1906 1213 1945 facere,
1232 1917 1311 1939 cum
1329 1905 1452 1939 Scotus
1471 1906 1650 1949 suppetias

295 1977 315 1999 a
340 1976 421 2010 rege
446 1975 509 1998 suo
534 1963 724 1996 destinatas
750 1963 787 1996 in
812 1962 979 2007 Angliam
1005 1962 1154 2000 duxerit,
1180 1966 1221 1995 ut
1246 1973 1309 1995 suo
1335 1963 1503 2007 sanguine
1529 1973 1604 1995 eam
1630 1973 1651 1994 a

294 2022 474 2055 servitutis
500 2019 709 2053 contumelia
735 2019 937 2051 vindicaret.
1005 2018 1160 2051 Annales
1186 2018 1308 2051 nostri.
1369 2017 1649 2052 Scotichronicon

294 2078 353 2111 lib.
374 2085 432 2110 111.
451 2087 524 2119 cap.
545 2083 627 2108 XIV·
656 2074 838 2109 Praeclara
860 2085 940 2107 sane
967 2074 1010 2107 ab
1035 2074 1273 2119 ingratissima
1297 2074 1411 2108 bellua
1437 2074 1546 2108 Scotis
1572 2085 1650 2119 gra-

294 2134 344 2167 tia
360 2134 478 2166 relata.
