1861 2682
616 257 787 289 GENTIS
813 258 1084 298 SCOTORUM,
1110 261 1197 294 LIB.
1219 263 1282 294 ΙΙΙ.
1566 269 1626 298 135

267 346 346 379 inde
364 348 520 381 exiisse.”
546 347 580 381 N
583 359 620 382 ec
631 349 672 382 de
684 362 723 383 eo
741 351 834 384 alibi.
862 351 997 396 Scripta
1015 353 1089 397 ejus
1107 355 1286 397 perierunt
1301 356 1431 401 injuria
1445 361 1621 402 temporis.

312 402 412 437 Vixit
430 415 520 437 anno
539 413 601 438 Dc.
622 405 758 439 Colitur
776 415 880 440 XXII.
906 409 961 442 die
983 409 1153 444 Novemb.
1177 411 1323 445 Arnold.
1346 411 1464 447 Uvion
1487 415 1545 448 lib.
1566 424 1623 448 III.

264 457 340 503 Lig.
377 458 480 493 Vitae
515 471 593 505 pag.
626 470 827 495 CCCLXXV.
860 468 880 482 ‘⁶
906 476 1052 510 magnae
1084 467 1317 510 simplicitatis
1343 474 1377 503 et
1405 470 1621 504 innocentiae

261 514 395 546 virum”
416 521 526 549 vocat.

671 613 705 646 S.
733 613 1081 651 CUTHBERTUS.
1134 621 1216 653 234.

257 682 291 713 S.
334 681 617 723 CUTHBERTUS,
661 685 734 718 sive
778 686 991 731 Gunpertus,
1041 696 1102 724 aut
1145 692 1354 736 Cudpertus,
1399 694 1621 740 XVingarten.

255 735 384 770 Chron.
424 749 503 783 pag.
540 748 691 774 CCXVII.
727 742 764 775 111
800 742 915 777 Scotia
948 751 1062 786 natus,
1106 749 1142 781 in
1180 750 1343 783 coenobio
1386 751 1621 786 Mailrosiensi

254 792 432 833 educatus,
459 800 503 834 et,
530 807 625 829 more
642 799 757 842 gentis
784 804 923 834 nostrae
948 813 988 835 eo
1014 805 1139 844 seculo,
1162 805 1200 838 in
1226 805 1517 841 Northumbriam
1543 819 1622 851 pro·

254 848 363 882 fectus
389 851 426 883 in
452 853 662 886 monasticae
688 855 782 887 vitae
807 858 991 892 sanctitate
1016 860 1191 894 mirabiles
1218 872 1422 907 progressus
1448 863 1530 897 fecit
1557 866 1621 898 sub

253 906 372 948 regula
391 905 425 938 S.
445 906 575 940 Aidani
599 908 703 949 Scoti,
729 915 768 944 ut
791 911 850 945 lib.
873 921 896 945 I.
922 913 986 947 hoc
1011 926 1113 958 opere
1139 927 1245 960 supra
1271 922 1462 952 ostensum.
1489 919 1524 954 S.
1543 921 1620 954 Wi-

253 970 292 992 ro
309 961 438 995 dicitur
462 964 499 995 in
523 964 598 997 vita
618 965 728 1008 ipsius
754 967 792 999 111
817 967 920 1001 Surio
946 970 1021 1013 ejus
1048 972 1268 1006 sanctitatem
1294 978 1335 1007 ut
1361 975 1446 1009 civis
1474 977 1615 1010 imitari.

252 1015 342 1049 Vide
360 1019 473 1051 locum
490 1019 549 1053 lib.
570 1029 657 1054 XIX.
676 1021 779 1056 infra.
831 1023 1061 1071 Martyrolog.
1077 1027 1178 1061 Rom.
1199 1030 1254 1062 die
1273 1039 1344 1063 XX.
1363 1031 1507 1065 Martii:
1536 1038 1555 1051 ‘⁶
1574 1034 1617 1066 In

253 1071 439 1107 Britannia
465 1076 634 1118 depositio
657 1077 692 1110 S.
716 1077 901 1113 Cuthberti
928 1082 1078 1126 episcopi
1104 1083 1416 1126 Lindisfarnensis,
1439 1090 1499 1131 qui
1518 1101 1538 1122 a
1556 1101 1618 1132 pu-

249 1128 351 1161 eritia
370 1131 415 1163 ad
433 1131 567 1164 obitum
585 1143 696 1176 usque
713 1136 842 1169 sanctis
860 1137 1022 1180 operibus
1049 1144 1083 1172 et
1109 1141 1357 1175 miraculorum
1384 1144 1493 1188 signis
1520 1146 1616 1178 efful-

249 1184 326 1216 sit.”
353 1184 503 1219 Usuard.
518 1187 750 1234 Martyrolog.
769 1192 887 1225 eodem
902 1194 975 1227 die:
994 1200 1014 1214 ‘⁵
1028 1195 1136 1239 Apud
1148 1196 1372 1232 Britanniam
1390 1200 1561 1243 depositio
1578 1203 1610 1235 S.

249 1238 447 1280 Cuthberti,
491 1243 550 1286 qui
592 1255 634 1276 ex
671 1246 879 1280 anachoreta
914 1251 1075 1285 ecclesiae
1115 1252 1414 1289 Lindisfarnensis
1455 1258 1612 1293 antistes.

246 1300 356 1329 totam
373 1297 417 1330 ab
434 1297 584 1332 infantia
600 1300 645 1332 ad
662 1301 798 1334 senium
815 1313 926 1346 usque
952 1306 1063 1339 vitam
1090 1308 1337 1344 miraculorum
1363 1312 1473 1357 signis
1499 1314 1609 1358 incly-

245 1356 318 1385 tam
331 1353 465 1387 duxit.'’
492 1353 597 1388 Paria
614 1357 821 1391 recentiores
840 1358 1176 1407 Martyrologiorum
1194 1370 1365 1406 auctores,
1383 1373 1418 1401 et
1435 1380 1518 1411 prae
1536 1372 1611 1403 aliis

244 1407 324 1441 Ado
343 1409 573 1450 Trevirensis,
592 1413 650 1456 qui
671 1412 825 1447 Usuardi
843 1416 948 1449 verba
966 1419 1164 1461 syllabatim
1186 1423 1415 1466 transcripsit.

296 1464 413 1510 Hujus
428 1467 538 1500 vitam
553 1470 787 1502 monumentis
805 1471 909 1514 primi
929 1475 1130 1508 commisere
1148 1476 1273 1510 fratres
1288 1478 1606 1522 Lindisfai·nense.<‚

243 1525 282 1554 ut
301 1526 423 1555 auctor
441 1528 493 1556 est
512 1523 608 1557 Beda
624 1524 784 1559 Historia
807 1527 929 1562 Gentis
950 1529 1149 1574 Anglorum
1165 1543 1173 1572 ;
1201 1534 1325 1567 deinde
1338 1536 1412 1579 ipse
1427 1537 1523 1571 Beda
1537 1542 1606 1582 pri-

242 1588 338 1610 mum
358 1589 461 1612 versu
480 1588 591 1613 XLVI.
610 1581 792 1624 capitibus,
812 1584 935 1618 deinde
953 1597 1056 1629 prosa
1074 1598 1135 1621 seu
1153 1590 1267 1623 soluta
1285 1594 1450 1632 oratione,
1478 1601 1516 1628 111
1535 1598 1607 1639 ipse¹

243 1635 387 1668 tradidit
405 1636 463 1669 lib.
481 1645 532 1669 IV.
554 1636 688 1670 Histor.
709 1638 907 1673 Ecclesiast.
922 1641 1025 1676 Gent.
1045 1643 1193 1689 Anglor.
1213 1658 1286 1690 cap.
1303 1657 1435 1683 XXVII.
1456 1660 1603 1685 XXVIII.

243 1699 359 1723 XXIX.
394 1691 566 1725 Videatur
584 1694 674 1726 idem
695 1694 791 1728 Beda
803 1697 839 1728 in
857 1696 924 1730 fine
941 1697 1141 1733 Ecclesiast.
1164 1701 1297 1736 Histor.
1343 1704 1439 1739 Haec
1458 1708 1530 1740 vita
1549 1720 1605 1741 ex—

240 1751 290 1778 tat
309 1748 402 1790 apud
422 1747 554 1781 Bedam
575 1754 669 1782 tomo
690 1760 747 1783 ΙΙΙ.
767 1756 800 1784 61
819 1751 961 1786 Surium
980 1760 1074 1788 tomo
1094 1765 1135 1788 ΙΙ.
1156 1759 1217 1800 qui
1236 1761 1386 1801 patriam
1407 1767 1505 1796 tacet.

287 1802 427 1840 Quanta
444 1806 536 1847 apud
555 1811 738 1845 nostrates,
757 1807 838 1840 (111111
859 1809 969 1851 pietas
988 1812 1132 1855 vigeret,
1147 1813 1222 1856 ejus
1236 1815 1432 1851 observatio
1446 1827 1545 1858 63361,
1561 1833 1602 1853 ex

241 1868 356 1891 rerum
374 1864 573 1894 nostrarum
599 1863 744 1895 lectione
770 1864 906 1897 abunde
931 1867 1050 1909 liquet.
1106 1868 1197 1901 Nan]
1217 1875 1251 1903 et
1270 1875 1290 1889 ‘⁶
1309 1871 1600 1909 Northumbriam

240 1924 259 1945 a
274 1913 454 1948 Pictorum
468 1917 573 1957 rabie,
588 1919 747 1961 precibus
759 1920 842 1959 suis,
859 1926 972 1954 tutam
992 1924 1136 1963 reddit‚’'
1156 1924 1201 1958 H.
1216 1926 1341 1960 Boeth.
1357 1930 1415 1962 lib.
1434 1939 1488 1963 IX.
1505 1932 1598 1966 Hist.

238 1970 329 2002 Scot.
356 1981 434 2015 pag.
459 1981 629 2006 CLXXIX.
660 1980 693 2007 et
719 1976 784 2008 sub
816 1977 890 2020 ejus
917 1979 1043 2011 vexillo
1079 1979 1243 2025 Edgarus
1271 1994 1333 2016 rex
1360 1985 1494 2019 hostem
1523 2000 1599 2031 pro—

239 2024 386 2069 fligavit,
428 2027 465 2060 in
504 2030 603 2073 cujus
639 2031 804 2064 victoriae
838 2033 1126 2077 significationem
1169 2039 1281 2071 multa
1322 2040 1353 2072 ei
1388 2041 1531 2076 donaria
1565 2052 1597 2077 et

237 2082 461 2115 anathemata
486 2084 576 2117 idem
606 2096 667 2118 rex
692 2088 852 2132 religiose
874 2089 1011 2123 obtulit.
1056 2091 1152 2125 Idem
1178 2094 1237 2127 lib.
1266 2104 1339 2129 XII.
1363 2107 1436 2140 cap.
1463 2108 1595 2133 CCLXI.

237 2146 387 2171 (CLXII.
419 2138 468 2171 Et
486 2151 563 2172 cum
592 2145 611 2159 ‘⁶
629 2141 800 2175 Davidem
828 2156 943 2189 regem
961 2157 1022 2189 per
1041 2150 1215 2182 somnium
1233 2152 1436 2187 admoneret
1460 2155 1596 2199 incoep-

237 2198 272 2225 to
298 2199 337 2226 ut
364 2194 564 2234 abstineret,
590 2208 652 2230 nec
676 2198 732 2229 ille
758 2210 889 2232 moreni
915 2209 1060 2245 gereret,
1087 2210 1208 2248 captus
1235 2213 1287 2240 est
1310 2209 1347 2241 in
1373 2211 1455 2249 acie,
1482 2214 1593 2244 omni-

235 2249 298 2281 bus
326 2251 409 2290 suis,
442 2252 501 2294 qui
529 2253 673 2295 plurimi
703 2260 812 2294 erant,
841 2261 901 2290 aut
928 2258 965 2291 in
993 2258 1114 2305 fugam
1142 2263 1262 2302 versis,
1292 2270 1353 2298 aut
1383 2267 1502 2309 captis,
1534 2274 1593 2301 aut

235 2306 372 2338 caesis.”
423 2306 518 2340 Idem
539 2308 663 2342 Boeth.
691 2309 749 2342 lib.
770 2319 837 2344 XV.
858 2311 951 2347 Hist.
972 2314 1062 2349 Scot.
1081 2327 1161 2362 pag.
1181 2327 1354 2353 cccxxv.
1385 2322 1498 2355 Multa
1519 2324 1592 2366 ejus
