1861 2682
897 277 937 315 xi

249 380 380 432 Episc.
408 393 560 418 CCLvn.
587 378 765 417 Abbates
792 385 905 417 extra
928 379 1101 417 Scotiam
1129 394 1257 418 cxcu.
1284 379 1593 419 Academiarum

249 442 500 481 Fundatores
521 454 596 479 xli.
624 441 698 479 viri
726 441 835 479 domi
862 447 903 479 et
927 446 1013 480 tota
1041 442 1188 493 passim
1219 441 1384 494 Europa
1410 444 1593 481 omnium

247 504 506 543 scientiarum
520 517 666 555 genere
680 502 951 542 illustrissimi.
984 503 1190 542 Haeretici
1206 503 1369 555 pauculi
1383 505 1595 543 confutan-

244 572 323 604 tur.
382 565 447 604 Ex
469 566 550 604 suis
578 565 852 604 Historiarum
879 564 947 604 lib.
968 579 1057 603 xix.
1083 566 1316 618 excerpsit.''
1374 567 1593 613 Bononiae,

248 628 362 673 1622,
383 632 463 665 4to.

297 689 449 741 Aliquo
470 694 605 727 tamen
627 702 797 727 numero
822 694 881 727 est
908 689 1140 741 Dempsteri
1169 689 1352 729 Historia
1379 691 1596 731 Ecclesias-

244 752 322 790 tica
343 752 487 790 Gentis
507 752 729 797 Scotorum,
750 751 831 790 sive
852 751 998 803 potius,
1022 752 1072 790 de
1099 752 1368 804 Scriptoribus
1394 754 1522 792 Scotis
1548 754 1595 792 li-

244 815 303 853 bri
338 814 607 865 undeviginti.
666 813 760 852 Non
795 819 855 852 est
887 814 1066 865 profecto
1097 813 1276 861 historia,
1306 816 1377 855 sed
1404 815 1592 856 historica

242 876 468 928 fragmenta
487 875 788 928 quamplurima
809 876 1002 921 continet,
1023 876 1158 915 omnia
1178 891 1272 916 vero
1292 879 1343 917 ad
1358 893 1420 917 res
1436 879 1595 918 ecclesi-

242 939 384 977 asticas
403 939 571 977 minime
591 939 825 990 spectantia.
885 938 966 976 Res
987 945 1128 990 gestas,
1151 939 1215 977 vel
1244 940 1387 979 saltem
1418 943 1591 987 nomina,

243 1000 354 1039 mille
385 1007 426 1040 et
459 1002 740 1046 ducentorum,
774 1001 806 1038 si
838 1000 914 1038 diis
947 1000 1090 1052 placet,
1121 1001 1374 1053 scriptorum,
1401 1011 1592 1043 recenset.

243 1064 453 1101 Scotorum
473 1062 710 1114 complures,
731 1063 762 1100 si
784 1062 883 1101 fides
904 1063 1147 1114 Dempstero
1167 1063 1363 1112 habenda,
1391 1066 1521 1104 multa
1547 1067 1594 1105 li-

245 1125 340 1163 teris
360 1125 608 1163 mandarunt
629 1124 828 1162 sexcentis
849 1124 975 1162 ferme
995 1125 1111 1163 annis
1131 1132 1225 1164 ante
1246 1125 1384 1166 literas
1405 1128 1447 1166 in
1469 1130 1594 1168 Scoti—

242 1200 306 1224 am
328 1187 514 1224 invectas.
576 1186 744 1237 Nempe,
771 1200 841 1224 rex
868 1187 1045 1238 optimus
1072 1188 1299 1240 Fergusius,
1326 1198 1594 1242 cognomento

244 1247 432 1294 Illustris‚
457 1248 528 1299 qui
556 1248 665 1286 diem
691 1247 791 1285 obiit
820 1262 1056 1300 supremum
1085 1263 1192 1288 anno
1219 1256 1314 1289 ante
1343 1252 1495 1291 Christi
1525 1255 1593 1292 ad-

243 1317 412 1349 ventum
432 1314 522 1356 318,
550 1314 570 1332 ‘⁶
589 1323 671 1361 quo
691 1309 855 1347 firmum
885 1316 998 1356 esset,
1024 1316 1066 1348 et
1094 1314 1387 1352 successoribus
1413 1315 1591 1354 validum

243 1373 469 1424 imperium,
509 1372 638 1410 edidit
677 1371 806 1423 Leges
855 1371 1081 1410 Politicas.”
1157 1373 1214 1412 Et
1261 1380 1281 1397 ‘⁵
1315 1375 1592 1417 Bundevicam

243 1435 458 1486 quandam,
479 1434 701 1473 Amazonio
721 1433 805 1472 ritu
825 1432 1067 1481 bellicosam,
1097 1435 1204 1474 inter
1232 1443 1430 1477 nostrates
1460 1441 1593 1479 erudi-

243 1497 354 1535 tione
385 1502 425 1535 et
459 1496 616 1548 scriptis
650 1496 826 1548 insignes
860 1496 1054 1535 referunt.
1114 1497 1226 1537 Haec
1252 1500 1463 1540 Scotorum
1490 1503 1593 1554 regis

243 1558 336 1604 filia,
358 1559 661 1604 Britannorum,
682 1558 753 1610 qui
774 1572 884 1597 nunc
904 1564 1001 1597 sunt
1025 1559 1161 1611 Angli,
1180 1561 1329 1612 regina,
1350 1562 1482 1602 multa
1501 1578 1593 1603 con-

199 1634 203 1638 ·
243 1628 305 1659 tra
326 1621 531 1659 Romanos
552 1627 716 1659 strenue
735 1621 868 1672 gessit,
888 1620 1169 1673 coloniamque
1195 1622 1357 1663 delevit.
1417 1626 1593 1673 Tacitus,

242 1684 333 1729 Dio,
366 1683 611 1735 Xiphilinus.
670 1683 803 1725 Quam
832 1683 1033 1735 scripsisse
1062 1684 1207 1723 volunt
1238 1687 1357 1733 varia,
1384 1694 1425 1727 et
1455 1689 1497 1728 in
1529 1689 1591 1728 his

242 1745 466 1784 Conciones
496 1744 697 1784 Militares
727 1745 831 1784 libro
858 1748 976 1792 un0,”
1003 1745 1184 1799 aliosque
1213 1748 1397 1801 quinque
1423 1750 1591 1798 libellos,

243 1821 417 1858 quorum
438 1807 609 1846 ultimus
629 1814 690 1846 est
709 1808 760 1847 de
787 1808 966 1847 exercitu
993 1809 1170 1861 pedestri
1200 1811 1397 1852 ducendo.
1456 1813 1590 1860 Bardi,

243 1875 352 1908 vates
372 1869 656 1921 antiquissimi,
687 1875 707 1892 “
728 1870 978 1922 scripserunt
1006 1872 1196 1911 Carmina
1223 1874 1331 1912 varia
1357 1874 1424 1914 lib.
1451 1876 1476 1914 i.
1508 1877 1591 1915 He-

244 1945 359 1970 roum
380 1932 540 1970 Laudes
560 1931 629 1970 lib.
653 1932 676 1970 i.
703 1933 753 1971 de
774 1933 806 1970 F
809 1933 1035 1972 ortitudine
1059 1933 1203 1973 bellica
1232 1935 1392 1976 Patriae
1419 1938 1588 1978 Caritati

244 1994 380 2032 debita
401 1994 622 2045 (Lucanus)
645 1993 713 2033 lib.
732 1995 756 2033 i.
803 1994 1052 2034 Floruerunt
1071 2010 1198 2049 paene
1214 2011 1236 2036 a
1251 2000 1414 2039 condito
1431 2005 1588 2052 regno.'’

245 2055 402 2101 Culdei,
429 2057 654 2095 sacerdotes
683 2057 964 2109 antiquissimi,
992 2064 1011 2081 “
1030 2060 1278 2112 scripserunt
1301 2062 1588 2103 Institutiones

244 2118 295 2156 ad
311 2117 475 2156 Clerum
491 2124 531 2157 et
548 2118 752 2170 Populum
768 2120 969 2159 Scoticum
986 2120 1054 2160 lib.
1074 2121 1097 2160 i.
1141 2122 1173 2160 F
1176 2122 1390 2163 loruerunt
1405 2126 1454 2163 ab
1469 2125 1587 2164 initio

244 2180 338 2218 fidei
359 2194 382 2218 a
402 2180 528 2218 Scotis
544 2185 762 2233 receptae.”
803 2182 903 2220 Tam
921 2190 1196 2235 portentosam
1212 2185 1286 2224 sibi
1302 2186 1587 2226 bibliothecam

243 2242 508 2280 adornaverat
538 2242 715 2282 Thomas
744 2243 813 2282 ille
840 2251 999 2289 noster;
1034 2253 1300 2287 veruntamen
1327 2251 1588 2302 quotusquis-

244 2318 324 2356 que
347 2303 544 2343 librorum
570 2318 619 2344 ex
644 2304 719 2344 hac
748 2305 970 2346 lautissima
995 2307 1246 2361 supellectile
1265 2313 1350 2363 jam
1374 2315 1586 2364 superest?
