1861 2682
591 232 763 266 GENTIS
788 230 1060 268 SCOTORUM,
1085 230 1172 261 LIB.
1194 229 1270 261 VII.
1557 230 1616 259 811

737 382 771 417 S.
799 381 1004 416 GOLGUS.
1057 382 1138 417 578.

252 498 286 530 S.
303 496 476 536 GOLGUS,
491 497 545 529 vir
559 496 752 540 religiosus,
769 495 959 539 discipulus
973 493 1008 526 S.
1024 492 1224 531 Columbae,
1239 503 1278 526 ac
1292 491 1492 525 monachus.
1544 489 1618 522 Me-

253 553 355 586 minit
385 553 421 586 S.
447 552 677 585 Adamannus
704 552 762 585 lib.
793 560 851 585 111.
878 551 920 584 de
945 550 1030 584 Vita
1056 549 1091 582 S.
1120 548 1308 582 Columbae
1333 559 1412 592 pag.
1442 554 1556 580 XXIV.
1584 551 1618 579 et

253 609 312 642 lib.
333 618 357 641 1.
376 609 425 642 ait
443 620 478 642 se
496 609 537 641 de
555 609 615 641 illo
633 608 842 641 mentionem
861 607 1003 645 fecisse3
1023 606 1083 638 sed
1101 605 1320 644 interierunt,
1338 609 1379 637 ut
1397 609 1492 647 puto,
1513 614 1618 646 quae-

252 665 331 697 dam
351 665 444 698 illius
463 665 588 708 operis,
607 675 717 708 neque
736 664 827 697 enim
846 664 918 697 ulla
934 664 976 695 de
994 661 1106 707 Golgo
1123 662 1237 704 primo
1254 661 1344 694 libro
1368 659 1475 693 verba
1501 660 1538 691 iu
1563 670 1618 691 co-

252 721 385 754 dicibus
403 721 463 765 qui
482 726 614 759 extant,
633 731 695 753 nec
712 721 800 753 alius
819 720 1003 763 quispiam,
1022 719 1116 762 quod
1140 718 1257 757 sciam,
1283 717 1453 750 meminit.
1510 715 1617 748 Puta-

252 782 311 810 tux·
328 778 453 810 alicubi
471 777 719 810 monasterium
739 776 831 819 apud
850 775 966 809 Pictos
985 776 1126 808 rexisse.
1178 774 1326 818 Scripsit

398 834 570 867 Miracula
587 833 776 866 Columbae
793 832 954 877 magistri
1173 831 1233 864 lib.
1255 839 1278 863 1.

301 890 402 923 Vixit
420 901 511 923 anno
530 898 638 922 DCVI.

656 1001 691 1034 S.
719 1000 1072 1035 GEREBERNUS.
1127 1003 1209 1038 579.

254 1115 288 1147 S.
309 1114 585 1148 GEREBERNUS
612 1114 745 1153 Scotus,
768 1114 803 1147 S.
827 1113 962 1158 Asaphi
990 1114 1084 1147 Scoti
1107 1114 1297 1157 discipulus
1325 1115 1360 1146 in
1388 1118 1543 1146 extrema
1570 1124 1618 1144 se-

254 1176 362 1209 necta,
381 1182 419 1203 ac
437 1171 472 1204 S.
493 1171 632 1203 Philaui
650 1171 775 1209 socius,
793 1171 976 1214 presbyter
994 1171 1086 1203 vitae
1101 1171 1392 1215 religiosissimae,
1407 1175 1447 1202 ut
1462 1169 1618 1212 loquitur

254 1227 326 1260 vita
344 1227 378 1260 S.
399 1227 538 1260 Philani
558 1227 592 1260 in
613 1226 880 1265 Scotichronico,
900 1231 934 1259 et
952 1227 1175 1260 Breviarium
1194 1226 1465 1260 Dumblanense.
1519 1225 1617 1258 More

253 1284 283 1315 ei
303 1285 416 1317 seculo
434 1283 566 1315 usitato
585 1283 734 1326 patriam
759 1294 837 1315 cum
864 1283 1033 1327 magistro
1060 1283 1096 1315 in
1116 1282 1282 1316 lValliam
1304 1283 1514 1325 relinquens,
1542 1292 1620 1323 pro-

254 1340 363 1372 fectus
390 1340 470 1372 inde
493 1339 529 1371 in
550 1338 768 1377 Hiberniam,
788 1339 847 1372 ubi
866 1340 977 1383 reguli
997 1339 1090 1372 illius
1108 1339 1215 1371 filiam
1233 1338 1434 1382 Dympnam
1454 1339 1494 1371 ad
1517 1337 1617 1370 fidem

256 1396 437 1433 convertit,
457 1400 491 1428 et
509 1395 552 1428 ad
570 1395 785 1440 virginitatis
803 1399 971 1438 perpetuo
995 1395 1251 1428 conservandae
1274 1401 1393 1428 votum
1420 1394 1616 1427 faciendum

259 1452 420 1491 induxit3
447 1456 482 1485 et
499 1462 577 1484 cum
596 1462 635 1484 ea
652 1451 874 1494 postmodum
893 1451 936 1484 ad
953 1451 1132 1484 libidinem
1152 1451 1195 1484 ab
1212 1452 1408 1484 incestuoso
1432 1455 1530 1494 patre
1554 1461 1618 1483 suo

257 1509 386 1541 carnali
417 1513 451 1541 et
482 1508 664 1540 idololatra
692 1507 841 1541 invitata
869 1512 969 1547 esset,
999 1508 1109 1540 suasit
1136 1508 1373 1540 sanctissimae
1404 1508 1533 1552 virgini
1567 1518 1618 1539 so-

256 1567 328 1598 lum
348 1569 519 1597 verteret:
546 1563 605 1596 illa
622 1568 656 1596 et
674 1564 840 1606 puritatis
858 1564 1003 1603 conscia,
1022 1568 1057 1596 et
1078 1563 1230 1596 furorem
1250 1564 1378 1596 ethnici
1398 1564 1563 1601 vitatura,
1584 1564 1619 1595 in

255 1622 406 1654 Scotiam
425 1621 574 1665 trajecit,
595 1625 628 1653 et
647 1620 691 1653 ad
709 1620 828 1653 cellam
848 1619 883 1652 S.
903 1620 1042 1652 Philani
1061 1620 1099 1652 in
1116 1619 1274 1663 Argadia
1292 1621 1412 1659 latuit3
1433 1611 1492 1652 sed
1512 1619 1620 1652 idolo-

254 1679 344 1710 latra
361 1677 576 1719 insequente,
594 1676 714 1709 eodem
733 1687 796 1709 suo
814 1676 939 1709 comite
957 1687 995 1708 ac
1020 1676 1189 1720 magistro
1213 1675 1248 1708 S.
1268 1675 1467 1708 Gereberno
1485 1677 1521 1708 in
1540 1676 1616 1708 Bel-

253 1735 351 1778 gium
370 1733 607 1777 abnavigavit,
630 1732 690 1765 ubi
709 1732 849 1765 tandem
868 1743 945 1765 cum
965 1743 1004 1765 eo
1030 1732 1172 1765 Christo
1190 1732 1369 1765 immolata
1396 1743 1457 1775 per
1483 1738 1617 1775 patrem

255 1792 352 1824 illum
371 1800 485 1828 suum,
505 1789 676 1822 idolorum
695 1789 875 1828 cultorem,
891 1793 925 1821 et
938 1788 1019 1833 igne
1033 1787 1182 1821 nefando
1200 1788 1425 1831 prurientem.
1442 1788 1618 1832 Martyro-

256 1848 323 1891 log.
343 1845 492 1879 Roman.
512 1854 580 1878 XV.
600 1845 699 1884 Maii,
718 1844 846 1878 Petrus
865 1844 1123 1878 Cameracensis
1141 1845 1271 1877 relatus
1290 1855 1310 1877 a
1328 1844 1431 1877 Surio
1454 1850 1536 1877 tom.
1560 1853 1616 1877 111.

254 1910 333 1946 post
351 1902 443 1934 hunc
462 1900 625 1934 Molanus
643 1902 679 1934 in
698 1900 852 1934 Natalib.
872 1900 931 1934 SS.
951 1900 1089 1945 Belgii3
1118 1911 1161 1933 ex
1178 1900 1304 1944 quibus
1328 1901 1489 1934 omnibus
1508 1901 1615 1944 liquet

259 1958 480 1991 Hirlandiam
499 1961 592 1996 tunc,
611 1968 672 1990 seu
692 1956 911 1996 Hiberniam,
934 1965 992 1990 cc.
1011 1968 1120 1990 annos
1138 1962 1217 2000 post
1235 1957 1269 1990 S.
1290 1957 1482 1990 Patricium
1500 1956 1619 1989 infide-

256 2017 323 2048 lem
342 2014 583 2057 permansisse,
602 2014 754 2057 adeoque
772 2015 910 2058 regulos
928 2014 1021 2057 ipsos
1040 2013 1140 2046 idolis
1159 2014 1365 2046 immolasse.
1411 2013 1476 2046 Sed
1496 2013 1539 2045 ad
1554 2012 1620 2045 Ge-

256 2071 440 2103 rebernum
457 2070 569 2108 redeo,
587 2069 648 2112 qui
666 2080 743 2102 cum
762 2070 931 2113 discipula
949 2081 1011 2103 sua
1033 2071 1070 2103 in
1094 2069 1286 2103 Brabantia
1309 2070 1518 2114 martyrium
1544 2080 1618 2112 per-

256 2137 387 2169 pessus,
405 2136 485 2158 cum
503 2125 622 2158 eadem
641 2125 769 2158 meruit
786 2126 979 2168 praemium
998 2127 1154 2159 coeleste.
1207 2125 1353 2169 Scripsit

402 2181 459 2214 Ad
479 2181 682 2225 Dympnam
702 2181 964 2214 Institutionem
1222 2182 1280 2215 lib.
1303 2191 1325 2214 1.

402 2237 471 2270 Pro
490 2248 572 2271 vero
592 2237 658 2271 Dei
678 2237 784 2271 Cultu
1223 2238 1282 2271 lib.
1303 2247 1326 2270 1.

880 2295 901 2326 2
920 2302 943 2326 T
