1861 2682
924 272 979 298 XX

282 359 447 406 minore,
469 366 510 399 et
529 360 584 399 sic
604 360 879 399 constituendi
900 366 996 399 sunt
1016 374 1037 398 e
1057 359 1207 399 Canisii
1228 360 1489 400 Lectionibus
1509 361 1627 400 Anti-

283 422 384 473 quis,
405 428 500 461 tom.
521 423 574 461 iii.
594 428 695 475 part.
716 423 754 461 ii.
774 437 811 475 p.
836 426 923 464 137.
944 423 1038 461 edit.
1059 422 1251 475 Basnage.

572 531 742 559 Recitantur
757 542 841 569 super
854 532 906 560 hac
920 542 950 559 re
965 542 1015 559 sua
1029 533 1140 570 scripta,

573 578 649 605 Data
664 578 806 615 quondam
820 578 880 611 tibi,
895 578 1007 616 praesul
1022 578 1161 611 Bonifaci,
1176 578 1222 615 pie
1236 584 1353 616 martyr.

285 671 478 723 Turpiter
498 672 606 724 apud
626 673 914 724 Dempsterum
936 679 1032 712 sunt
1051 672 1237 717 lacerath
1273 679 1324 719 et,
1355 673 1405 711 ad
1430 673 1631 712 Bonifaci-

283 746 353 771 um
374 734 501 772 civem
522 747 641 772 suum
663 735 964 781 vindicandum,
977 736 1046 788 pie
1066 736 1108 773 in
1131 737 1238 774 Seote
1258 749 1339 773 non
1360 735 1425 787 pie
1445 736 1629 774 mutavit.

285 795 365 834 Hie
385 801 490 835 stare
510 797 655 848 nequit
676 798 792 842 Scote,
814 799 929 849 cujus
948 797 1079 849 prima
1099 803 1159 835 est
1178 797 1375 849 producta
1396 796 1558 849 syllaba,
1582 797 1633 835 si-

284 864 353 896 cut
373 859 482 910 apud
501 858 773 897 Claudianum
794 859 844 897 de
865 859 1074 898 Laudibus
1095 858 1326 898 Stilichonis
1346 859 1414 898 lib.
1431 860 1469 897 ii.
1491 873 1524 898 v.
1541 863 1631 897 251.

573 969 623 996 Me
633 968 710 1005 juvit
727 968 853 1002 Stilicho,
868 974 957 996 totam
971 978 1034 996 eum
1051 968 1150 996 scotus
1168 968 1269 996 lernen

575 1014 678 1042 Movit.

341 1107 495 1146 Verum
525 1108 729 1147 enimvero
760 1108 938 1160 suspicor
964 1108 1068 1146 male
1096 1108 1275 1146 habitam
1303 1120 1386 1146 esse
1411 1107 1515 1146 hanc
1544 1120 1632 1160 pos-

286 1176 440 1208 tumam
462 1170 692 1222 Dempsteri
713 1169 877 1222 prolem.
936 1169 1022 1208 Nec
1042 1170 1213 1208 dubium
1235 1176 1295 1208 est
1319 1170 1517 1221 quaedam
1543 1171 1631 1221 ejus

286 1233 405 1270 verba
436 1232 649 1284 insigniter
679 1238 837 1270 mutata
872 1246 955 1271 esse
987 1246 1024 1284 p.
1055 1236 1116 1273 57.
1174 1231 1335 1270 Folium
1363 1232 1632 1270 substitutum

286 1307 358 1332 nos
379 1295 688 1333 exscribendum
708 1295 923 1338 duximus3
958 1294 1048 1332 libri
1076 1299 1212 1332 autem
1240 1293 1454 1346 exemplar,
1482 1293 1523 1331 in
1550 1293 1634 1331 Ad-

286 1362 519 1394 vocatorum
551 1355 805 1394 Bibliotheca
835 1361 1048 1401 servatum,
1084 1356 1190 1394 idem
1225 1356 1310 1394 sine
1338 1355 1633 1394 mutationibus

287 1417 431 1456 folium
454 1419 645 1457 continet.
704 1419 767 1457 De
787 1423 907 1470 poeta
936 1418 1109 1470 quodam
1139 1432 1340 1469 anonymo
1366 1417 1465 1456 haec
1491 1417 1634 1456 retulit

287 1481 371 1532 ipse
392 1480 657 1533 Dempsterus
675 1496 683 1519 ε
718 1486 738 1503 “
758 1481 981 1519 Lanienam
1003 1480 1266 1518 Parisiensem
1288 1480 1512 1518 detestatus
1539 1493 1633 1517 ano-

288 1556 435 1594 nymus
455 1544 621 1595 quidam
642 1544 792 1588 Scotus,
821 1543 900 1588 sed,
921 1548 969 1580 ut
990 1542 1160 1588 videtur,
1180 1542 1438 1580 Catholicus:
1473 1541 1633 1592 elegans

289 1619 382 1644 sane
416 1610 457 1643 et
486 1605 666 1643 vividum
698 1619 859 1644 carmen
892 1610 952 1643 est
981 1605 1056 1642 sub
1088 1603 1210 1642 titulo
1234 1605 1383 1643 Furiae
1409 1605 1451 1642 F
1450 1604 1633 1642 ram-icae.

290 1667 462 1706 Initium
489 1668 677 1706 acerbum
705 1674 776 1714 est,
805 1674 1018 1718 totumque
1048 1680 1191 1719 poema
1217 1666 1426 1705 affectibus
1452 1665 1634 1718 plenissi-

290 1743 425 1768 mum:

581 1840 671 1876 Impie
686 1849 746 1872 rex,
760 1845 850 1866 mater
864 1839 1031 1871 truculenta,
1047 1838 1192 1875 invisaque
1206 1838 1293 1872 coelo,

579 1883 746 1911 Guisiadum
760 1883 879 1911 soboles.

292 1984 412 2022 Anno
433 1997 599 2022 MDLxx.
615 1984 738 2022 deflet
754 1984 983 2023 Catholicos
1000 1985 1295 2024 occisos.”-.Et
1310 1999 1403 2023 mox
1419 2001 1426 2024 :
1448 1992 1467 2008 ‘⁶
1482 1986 1635 2024 Auctor

293 2045 371 2089 ille,
391 2045 473 2083 sive
499 2046 673 2084 Jacobus
700 2046 898 2092 Cadanus,
925 2047 1006 2085 sive
1032 2047 1212 2085 Adamus
1243 2046 1527 2094 Blacvodaeus‚
1554 2048 1635 2086 sive

293 2107 474 2145 Andreas
496 2107 711 2153 Melvinus‚
732 2109 940 2147 Scotorum
957 2108 1167 2147 rebellium
1185 2110 1350 2155 furores,
1366 2109 1635 2148 clandestinos

293 2170 587 2207 Germanorum
622 2170 916 2209 haeretieorum
949 2174 1150 2217 conatus,'’
1186 2172 1254 2210 διο.
1311 2171 1368 2210 Et
1398 2171 1494 2210 folio
1523 2185 1634 2211 verso

294 2232 443 2270 desunt
462 2231 559 2269 haec
579 2233 721 2270 verba:
753 2237 772 2254 “
793 2232 824 2270 is
845 2232 924 2270 fuit
944 2232 1124 2271 Adamus
1146 2232 1455 2272 Blacvodaeus.”

349 2293 411 2332 De
435 2293 612 2332 editione
639 2299 775 2333 autem
802 2294 941 2346 operis,
968 2294 1066 2334 haec
1092 2296 1309 2335 memoriae
1335 2295 1503 2334 tradidit
1531 2293 1634 2335 Lud.
