1861 2682
266 271 327 300 172
638 271 862 302 HISTORIA
887 270 1250 301 ECCLESIASTICA

269 362 387 394 ducem
408 373 449 394 ex
468 361 591 400 Gallia,
609 362 668 394 ubi
687 361 836 404 principi
863 371 926 393 suo
952 361 1188 393 illustrissimo
1213 361 1327 403 legato
1354 359 1545 392 Barberino
1566 362 1622 393 ad-

266 418 406 450 modum
425 418 544 450 utilem
564 428 702 460 operam
721 427 849 449 navare
872 416 1009 454 dicitur,
1036 416 1210 447 editurum
1235 425 1425 456 speramus.
1477 414 1623 458 Scripsit

267 473 419 511 adhaec,
440 473 680 517 Panegyricos,
700 472 865 504 Poemata
883 472 989 509 varia,
1013 474 1053 502 ut
1079 474 1130 502 est
1155 470 1296 514 ingenio
1319 471 1362 502 ad
1388 481 1526 512 prosam
1550 481 1624 502 ora-

266 530 395 561 tionem
415 539 622 571 versumque
640 528 807 560 foecundo
826 532 859 560 et
877 527 979 559 facili.

633 622 842 655 THOMAS
868 619 1117 654 CARCART.
1170 622 1250 657 297.

267 696 440 728 THOMAS
458 695 601 728 Carcart
619 693 752 732 Scotus,
771 705 813 726 ex
831 693 1142 736 Cataphractorum
1162 693 1304 725 ductore
1321 693 1357 725 in
1376 692 1498 737 Belgio
1512 693 1623 726 factus

265 752 525 788 Franciscanus,
544 750 587 781 ad
605 751 744 793 regulae
762 749 992 781 obedientiam
1010 749 1110 787 vixit,
1131 752 1164 781 et
1182 748 1219 780 in
1237 747 1302 781 Dei
1320 749 1492 781 mandatis
1511 760 1624 782 exces-

264 808 319 840 sit.
372 806 452 839 Uno
470 806 609 848 quidem
627 805 765 849 cingulo
785 805 983 844 discinctus,
1002 804 1061 837 sed
1078 804 1212 836 meliori
1229 804 1389 842 donatus,
1408 805 1545 847 scripsit

407 861 460 894 De
478 861 609 894 Militia
627 860 808 903 Spirituali
1184 859 1243 892 lib.
1264 869 1288 892 1.

311 917 410 951 Obiit
427 917 644 960 Antverpiae
662 927 752 949 anno
772 925 933 950 MDCXII.

566 1027 815 1061 GEORGIUS
841 1027 1179 1061 CAMERARIUS.
1233 1031 1312 1065 298.

262 1141 467 1174 GEORGIUS
486 1141 715 1180 Camerarius,
736 1152 795 1173 seu
814 1141 962 1179 Calmer,
981 1141 1177 1174 adolescens
1198 1141 1430 1179 doctissimus,
1456 1146 1534 1184 post
1552 1146 1623 1175 stu-

262 1198 398 1230 diorum
417 1208 555 1230 cursum
576 1198 610 1230 in
636 1197 751 1229 Scotia
774 1197 982 1239 completum
1001 1196 1179 1230 Lutetiam
1206 1197 1312 1235 venit,
1339 1208 1408 1239 quo
1431 1197 1564 1230 doctior
1589 1203 1623 1230 et

261 1254 382 1286 melior
411 1253 517 1292 fieret,
547 1260 580 1287 et
611 1264 687 1285 cum
719 1253 865 1284 alterum
895 1263 1024 1284 annum
1052 1253 1099 1285 ibi
1126 1253 1162 1285 in
1186 1253 1364 1285 literarum
1391 1253 1513 1297 regina
1539 1254 1624 1286 urbe

261 1309 482 1348 substitisset,
502 1310 764 1351 Hierosolymos
789 1308 856 1339 iter
879 1307 1052 1347 intendit;
1079 1319 1201 1341 verum
1226 1319 1304 1340 cum
1327 1309 1363 1340 in
1387 1309 1510 1341 idoneo
1536 1310 1618 1341 anni

261 1370 415 1408 tempore
433 1366 469 1397 in
488 1365 625 1397 Italiam
650 1363 889 1401 descendisset,
915 1363 1109 1397 Bononiam
1133 1365 1278 1407 appulit,
1303 1365 1452 1407 indeque
1476 1364 1617 1397 Patavi-

261 1432 332 1460 um,
352 1422 525 1463 cataplum
544 1421 747 1452 orientalem
765 1423 1031 1461 expectaturus:
1058 1421 1116 1453 sed
1134 1421 1195 1452 diu
1222 1421 1332 1452 virtus
1359 1421 1429 1459 illa,
1454 1424 1488 1452 et
1514 1421 1622 1453 solida

260 1477 439 1520 majorque
458 1480 569 1509 aetate
587 1476 754 1513 doctrina,
773 1476 878 1507 latere
897 1476 987 1517 apud
1006 1477 1172 1518 populum
1192 1476 1452 1519 sagacissimum
1472 1487 1542 1508 non
1565 1487 1624 1519 po-

260 1534 352 1572 tuit3
380 1544 460 1565 113111
479 1544 520 1564 ex
539 1532 680 1566 latebris
698 1535 873 1564 extractus
892 1532 928 1563 in
946 1536 1100 1574 apertam
1118 1533 1241 1570 lucem,
1261 1531 1418 1574 publicae
1442 1532 1622 1564 literarum

259 1589 506 1622 humaniorum
535 1588 742 1631 professioni
770 1592 822 1620 est
847 1588 1018 1626 admotus,
1045 1587 1275 1620 invitantibus
1301 1592 1335 1619 et
1358 1587 1622 1620 admittentibus

261 1645 460 1677 clarissimis
480 1649 513 1677 et
538 1644 782 1676 illustrissimis
808 1643 892 1676 viris
915 1642 1098 1677 Dominico
1125 1643 1270 1681 Molino,
1296 1647 1453 1675 senatore
1477 1642 1621 1681 Veneto,

261 1712 416 1733 annonae
435 1701 631 1737 triumviro,
651 1699 760 1731 Paulo
779 1698 921 1738 Leonio,
940 1700 1085 1742 patricio
1105 1699 1315 1737 Pataviensi,
1335 1697 1367 1730 J.
1387 1698 1426 1731 C.
1445 1698 1622 1731 Comitum

260 1756 461 1794 Schinellae,
479 1762 513 1788 et
532 1756 567 1788 M
574 1755 715 1787 anfredo
734 1756 775 1787 de
794 1754 1000 1793 Comitibus,
1026 1755 1228 1788 Alexandro
1247 1753 1458 1798 Synclytico,
1476 1754 1621 1797 patricio

260 1811 400 1855 Cyprio,
420 1812 458 1844 C.
479 1811 625 1844 Octavio
644 1811 789 1848 Livello‚
814 1811 929 1853 equite
948 1810 1205 1848 Sanmarciano,
1223 1809 1257 1841 J.
1277 1809 1315 1842 C.
1335 1813 1368 1842 et
1387 1817 1422 1840 V.
1450 1809 1530 1841 clar.
1552 1809 1621 1841 Ro-

260 1868 356 1901 berto
374 1867 608 1911 Sperancinio,
628 1866 830 1899 Pisaurensi
844 1867 1030 1911 philologo.
1063 1866 1141 1904 Qua
1158 1866 1194 1897 in
1212 1865 1360 1898 statione
1378 1865 1428 1897 ita
1445 1875 1480 1897 se
1498 1864 1619 1897 Came-

259 1925 371 1956 rarius
389 1925 549 1968 gnaviter
565 1924 666 1967 gerit.
693 1928 732 1955 ut
756 1923 911 1955 omnium
933 1933 1028 1965 spem
1055 1921 1395 1964 expectationemque
1418 1931 1516 1953 rarae
1542 1931 1617 1954 eru-

260 1980 400 2012 ditionis
419 1979 659 2024 magnitudine
678 1984 712 2011 et
730 1979 902 2021 elegantia
919 1979 1020 2021 longe
1038 1976 1327 2021 transgrediatur.

308 2035 454 2079 Scripsit
472 2036 514 2068 ad
532 2035 808 2067 illustrissimum
829 2033 1014 2070 Molinum,

404 2091 553 2134 Eclogas
1179 2089 1237 2121 lib.
1259 2097 1282 2120 1.

404 2147 671 2190 Epigrammata
689 2146 730 2177 de
749 2146 854 2178 variis
872 2144 974 2177 rebus
1178 2145 1237 2178 lib.
1259 2154 1282 2177 1.

407 2202 475 2235 Pro
496 2202 612 2234 Scotia
629 2206 748 2234 contra
767 2200 1009 2244 Ptochogenen
1177 2201 1235 2233 lib.
1257 2209 1281 2232 1.

309 2259 408 2292 Vivit
425 2258 536 2291 adhuc
554 2257 764 2300 professione
782 2257 932 2299 inclytus
959 2257 1070 2299 primo
1098 2257 1346 2290 adolescentiae
1372 2255 1463 2293 flore,
1493 2255 1619 2288 Graece

261 2321 294 2349 et
313 2315 438 2348 Latine
456 2315 587 2351 doctus,
603 2324 703 2346 versu
722 2318 756 2346 et
773 2323 875 2356 prosa
893 2312 1012 2345 bonus.
