1861 2682
596 273 767 305 GENTIS
792 269 1062 307 SCOTORUM‚
1088 268 1174 299 LIB.
1199 269 1237 298 V.
1534 267 1595 296 247

244 369 397 401 lehi-atur
414 367 468 399 die
488 375 545 398 111.
564 365 736 409 Septemb.
782 363 891 397 Index
909 362 1099 406 Salisburg.
1119 360 1250 393 Eccles.
1269 364 1303 392 et
1320 369 1362 391 ex
1381 369 1420 390 eo
1435 357 1477 390 ad
1493 357 1589 390 illum

243 425 333 457 diem
354 424 444 455 idem
463 421 640 455 Arnoldus
658 420 786 453 Uvion.

642 533 676 565 S.
704 529 1058 565 EBERHARDUS.
1110 531 1189 561 452.

243 652 262 665 ·‘
282 646 316 679 S.
337 646 625 684 EBERHARDUS,
644 646 824 688 episcopus
843 642 1117 680 Ratisbonensis‚
1136 641 1190 673 vir
1213 641 1291 684 pius
1316 644 1350 673 et
1371 644 1520 677 sanctus,
1545 649 1597 670 or-

242 709 298 735 tus
317 702 431 734 fuerat
447 712 489 734 ex
513 701 657 740 Scotia‚''
683 702 732 734 ait
758 701 884 734 Petrus
910 698 1127 741 Cratepolius
1151 697 1192 730 de
1216 696 1378 739 Episcop.
1401 694 1595 727 Germanis.

242 757 276 789 S.
307 755 478 798 Hidulphi
504 754 607 793 Scoti,
636 755 853 787 Trevirensis
879 754 1137 797 archiepiscopi,
1164 753 1363 796 discipulus,
1388 753 1425 784 in
1447 751 1598 783 Bavaria

242 812 276 845 S.
297 812 440 844 otiliam
460 811 624 854 principis
648 810 754 843 filiam
783 821 916 843 caecam
942 810 1143 853 baptizavit,
1171 814 1205 842 et
1230 808 1451 846 illuminavit,
1478 807 1597 839 multis

244 868 418 900 miraculis
441 871 520 910 post
538 872 684 899 mortem
702 867 824 899 clarus.
868 866 1065 899 Chronicon
1082 865 1241 898 Chronic.
1262 864 1408 897 «loannis
1428 863 1597 897 Gualtcrii

245 930 327 956 tom.
350 932 407 955 111.
426 934 504 967 pag.
525 931 666 955 MCDLI.
687 927 706 940 “
721 921 756 954 S.
776 921 999 954 Eberhardus
1017 922 1196 965 episcopus
1211 920 1484 958 Ratisbonensis,
1503 923 1599 952 ortus

244 991 286 1012 ex
305 979 451 1012 Scotia.''
502 978 648 1021 Scripsit

388 1034 445 1067 Ad
465 1034 620 1067 Bavares
639 1033 737 1066 Fidei
757 1033 970 1066 Rudimenta
1163 1033 1219 1066 lib.
1240 1041 1264 1064 1.

293 1091 428 1124 Claruit
445 1102 535 1124 anno
554 1098 732 1123 DCLXXV.
752 1090 891 1133 quando
909 1090 1043 1128 obierit,
1061 1100 1130 1122 non
1148 1089 1270 1132 reperi.

727 1202 761 1234 S.
790 1201 995 1235 ELIFIUS.
1047 1204 1127 1235 453.

245 1323 264 1335 ·'‘
283 1316 317 1349 S.
344 1315 524 1356 ELIFIUns,
551 1313 641 1346 filius
666 1314 758 1358 regis
785 1313 919 1347 Scotiae
947 1314 1174 1353 Fincormaci,
1193 1318 1232 1347 ut
1251 1314 1420 1351 existimo,
1441 1319 1502 1346 aut
1520 1324 1601 1345 sane

245 1371 469 1410 Crathlinthi,
501 1374 540 1403 ut
565 1370 641 1402 aliis
668 1370 794 1409 visum,
821 1371 949 1403 relictis
976 1370 1048 1402 suis
1074 1370 1378 1412 possessionibus‚'’
1402 1370 1451 1402 ait
1478 1369 1602 1402 Petrus

246 1428 463 1471 Cratepolius
489 1437 568 1471 pag.
594 1434 664 1458 LII.
690 1427 844 1469 perrexit
868 1427 905 1459 in
933 1426 1075 1464 Gallias,
1106 1430 1140 1459 et
1170 1426 1206 1458 in
1235 1425 1320 1458 urbe
1347 1425 1503 1458 Tullensi
1526 1436 1604 1457 cum

248 1492 398 1517 XXXIII.
418 1483 518 1516 sociis
537 1483 573 1514 in
591 1493 760 1515 carcerem
778 1487 817 1515 ut
835 1483 1032 1525 explorator
1049 1482 1162 1520 datus,
1188 1482 1277 1514 mira
1295 1482 1361 1514 Dei
1387 1481 1604 1525 providentia

248 1544 351 1573 noctu
369 1539 523 1577 eductus,
542 1547 604 1570 CD.
624 1538 721 1571 brevi
738 1539 850 1581 spatio
868 1538 1048 1571 Tullenses
1072 1539 1115 1571 ad
1134 1537 1235 1571 fidem
1254 1538 1425 1571 convertit
1441 1548 1449 1576 3
1477 1538 1602 1580 quibus

248 1602 319 1629 tam
337 1595 404 1638 piis
428 1595 513 1627 actis
536 1593 698 1626 Julianus
724 1594 904 1637 parabates
930 1595 1100 1633 invidens,
1127 1605 1206 1627 eum
1232 1594 1528 1637 comprehensum,
1556 1593 1606 1625 di-

248 1653 363 1695 risque
391 1650 599 1683 cruciatibus
625 1650 795 1689 affectum,
822 1651 934 1693 capite
956 1650 1142 1689 truncavit,
1169 1651 1260 1693 quod
1286 1650 1343 1682 ille
1369 1649 1528 1682 manibus
1554 1660 1606 1681 ar-

250 1712 386 1751 reptum
403 1717 465 1750 per
482 1707 575 1739 mille
596 1717 718 1749 passus
745 1706 835 1744 tulit,
861 1707 920 1739 ubi
943 1707 1079 1749 sepeliri
1097 1707 1229 1745 voluit3
1257 1707 1314 1738 sed
1342 1710 1460 1748 postea
1485 1705 1606 1738 Bruno

249 1763 462 1797 Coloniensis
493 1762 769 1805 archiepiscopus
796 1762 986 1804 pretiosum
1018 1766 1052 1794 et
1077 1762 1252 1795 miraculis
1279 1762 1507 1794 clarissimum
1535 1772 1607 1793 cor-

250 1831 313 1863 pus
331 1819 521 1852 transtulit.
572 1817 663 1851 Acta
688 1822 808 1850 extant
834 1830 854 1850 a
877 1817 911 1850 S.
937 1817 1102 1850 Brunone
1127 1818 1382 1861 archiepiscopo
1408 1817 1603 1850 Coloniensi

253 1875 455 1917 conscripta.
507 1873 587 1907 Gul.
606 1873 844 1918 Eisingrinius
863 1874 955 1917 apud
972 1873 995 1905 J
997 1885 1141 1907 oannem
1160 1874 1340 1906 Molanum
1359 1873 1540 1906 Addition.
1564 1874 1605 1906 ad

252 1931 453 1963 Usuardum
466 1931 521 1963 die
536 1939 591 1963 IX.
605 1930 628 1962 J
630 1930 703 1963 ulii.
747 1929 869 1963 Surius
885 1931 993 1963 vitam
1011 1930 1133 1963 recitat
1146 1941 1188 1963 ex
1202 1929 1237 1962 S.
1257 1930 1413 1973 Ruperto
1432 1929 1605 1962 Tuitiensi

254 1992 336 2019 tom.
357 1995 392 2018 v,
411 1986 566 2019 dedicata
582 1985 720 2019 Albano
738 1986 850 2025 Scoto,
869 1986 985 2019 abbati
1008 1985 1189 2020 Scotorum
1212 1986 1374 2019 Coloniae
1398 1986 1440 2018 ad
1459 1985 1493 2018 S.
1514 1985 1608 2018 Mar-

253 2043 328 2075 tini.
380 2041 470 2086 Ejus
489 2046 540 2075 est

397 2097 607 2130 Exhortatio
625 2098 668 2130 ad
688 2097 862 2141 Martyres
1165 2099 1224 2132 lib.
1246 2108 1268 2131 Ι.

302 2154 439 2186 Floruit
468 2164 558 2186 anno
590 2162 700 2186 CCCI..
751 2153 950 2196 Requiescit
978 2155 1079 2188 hodie
1107 2156 1150 2188 ad
1180 2156 1224 2188 D.
1257 2155 1403 2188 Martini
1434 2155 1605 2188 Coloniae.

254 2209 390 2242 Colitur
407 2210 461 2242 die
481 2218 562 2242 XVI.
582 2209 723 2242 Octobr.
743 2209 874 2242 Molan.
892 2222 1014 2253 passus
1031 2212 1068 2244 in
1090 2212 1174 2245 urbe
1198 2211 1447 2256 Lotharingiae
1472 2213 1607 2257 grandi,

253 2266 295 2298 ad
314 2265 348 2297 S.
369 2265 515 2298 Martini
533 2266 716 2299 collocatus
736 2274 802 2298 XV.
822 2265 845 2297 J
847 2277 966 2299 anuar.
990 2278 1051 2310 per
1068 2267 1116 2300 W
1118 2269 1286 2301 alramum
1305 2268 1607 2311 archiepiscopum.

254 2320 381 2354 Chron.
401 2321 522 2355 Colon.

902 2381 967 2410 21<
