1861 2682
564 264 734 296 GENTIS
760 263 1030 301 SCOTORUM,
1057 263 1143 294 LIB.
1173 263 1234 293 111.
1524 264 1578 292 161

219 357 427 391 Coventriae
458 362 493 390 et
522 357 735 390 Lichfeldiae
766 357 936 389 secundus
969 355 1239 389 administravit.
1268 354 1492 387 Malmesbur.
1521 355 1578 387 lib.

222 422 272 445 lv.
294 414 388 447 Gest.
410 413 511 446 Pont.
526 425 604 458 pag.
619 422 755 446 CLXIV.
776 417 796 431 “
810 412 939 445 Diuma
953 418 987 445 et
1005 412 1153 450 Cellaeh,
1172 412 1273 445 ambo
1291 412 1332 445 de
1350 410 1499 443 Scotia.''
1521 411 1579 443 Fr.

220 470 410 503 Godwinus
428 471 469 502 de
484 470 638 502 Praesul.
654 469 792 513 Anglic.
812 480 890 513 pag.
904 477 1097 502 CCCLXIII.
1119 473 1138 486 ‘⁵
1150 467 1346 511 Episcopus
1362 466 1579 500 Lichfelden-

219 526 265 558 sis
283 526 453 558 secundus
472 526 539 558 fuit
557 525 706 563 Cellach,
725 537 743 557 e
761 525 885 563 Scotia,
903 525 1005 557 sicuti
1029 525 1134 556 etiam
1158 529 1362 561 antecessor,
1387 524 1578 555 oriundus:

219 592 326 614 annos
341 593 408 614 uon
424 583 551 614 multos
565 592 642 614 cum
661 580 876 624 praefuisset,
895 581 1050 623 deposito
1069 584 1191 622 sponte
1205 580 1406 622 episcopatu
1423 579 1526 611 rediit
1544 579 1579 611 in

219 638 368 680 patriam
399 638 527 670 suam.”
578 637 739 669 Eundem
766 638 871 669 etiam
897 636 1154 669 Liudisfarniae
1178 636 1371 668 antistitem
1396 634 1504 667 fuisse
1528 646 1579 667 re-

218 694 322 735 perio.
342 693 495 726 Florent.
515 693 660 737 Vigorn.
680 693 722 725 ad
740 704 871 725 annum
890 701 1007 724 DOLV.
1034 696 1054 710 “
1074 692 1212 724 Primus
1235 692 1271 724 in
1293 691 1473 734 provincia
1495 690 1579 723 Lin-

217 749 437 787 disfarorum,
462 754 495 782 et
514 749 736 787 Merciorum,
760 753 793 781 et
818 748 1147 781 mediterraneorum
1170 746 1368 791 Anglorum
1391 747 1503 780 factus
1527 752 1579 779 est

218 805 396 848 episcopus
415 805 543 844 Duina‚
562 806 731 838 secundus
750 805 950 838 Ceollachus
965 805 1006 836 de
1019 815 1143 848 genere
1157 803 1370 836 Scotorum.'’
1409 802 1489 835 Uno
1502 807 1578 836 tan-

218 866 294 894 tum
312 872 402 894 anno
420 862 646 904 posteriorem
665 861 740 905 ejus
758 861 994 904 praesulatum
1015 859 1099 892 facit
1117 859 1246 892 Matth.
1271 859 1578 892 WVestmonasteri-

218 918 333 957 ensis;
356 930 436 951 nam
455 928 545 950 anno
564 926 698 950 DCLVI.
725 922 745 936 “
763 917 939 949 Secundus
959 916 1113 959 ejusdem
1139 915 1337 958 provinciae
1363 914 1577 948 Lindisfaro-

217 984 295 1006 rum
315 974 494 1017 episcopus
513 973 715 1007 Coellachus
737 973 816 1011 fuit,
838 972 898 1015 qui
920 972 1040 1004 relicto
1063 971 1280 1013 episcopatus
1298 970 1418 1009 officio,
1437 972 1480 1004 ad
1498 971 1577 1004 Sco-

216 1029 303 1061 tiam
320 1030 454 1062 rediit.'’
481 1030 599 1062 Uvion
613 1029 671 1062 lib.
689 1038 729 1061 11.
745 1039 818 1071 cap.
835 1037 946 1061 XLVI.
967 1027 1147 1060 “Diurnas
1162 1027 1350 1059 monachus
1369 1027 1522 1060 coenobii
1540 1028 1576 1059 in

217 1085 333 1118 Scotia
346 1086 374 1118 :’'
393 1090 426 1118 et
438 1095 576 1118 rursus:
596 1090 615 1104 “
627 1085 829 1123 Coelachus,
841 1095 902 1117 seu
914 1083 1084 1117 Colachus
1098 1082 1252 1115 Scotus.”
1280 1082 1501 1116 Huntindon.
1517 1083 1574 1116 lib.

219 1150 277 1173 111.
296 1152 375 1185 pag.
394 1150 499 1174 cxcl.
525 1146 547 1160 “
564 1141 714 1174 Diumae
732 1141 895 1174 successit
912 1140 1053 1177 Coellet‚
1078 1139 1139 1182 qui
1157 1139 1200 1171 ad
1218 1138 1348 1177 scotos,
1366 1139 1458 1171 unde
1476 1149 1576 1172 vene-

215 1201 280 1235 rat,
300 1198 435 1229 rediit.”
485 1197 557 1229 Sub
575 1197 692 1241 hujus,
713 1201 752 1229 ut
772 1197 943 1235 existimo,
961 1194 1202 1238 pontificatum
1221 1200 1340 1227 exorta
1357 1195 1416 1227 illa
1434 1195 1475 1227 de
1494 1194 1578 1227 Pas-

215 1252 314 1285 ehate
352 1252 554 1285 celebrando
584 1253 800 1294 disceptatio,
840 1263 944 1294 quam
975 1251 1102 1283 diserte
1129 1250 1372 1295 Vigorniensis
1406 1250 1512 1283 refert
1541 1251 1577 1283 in

218 1316 317 1340 XXX.
337 1319 467 1341 annum
490 1308 533 1341 ab
555 1308 756 1351 episcopatu
781 1318 801 1340 a
825 1307 935 1339 Scotis
960 1308 997 1338 iu
1022 1307 1274 1339 mediterranea
1296 1305 1428 1351 Anglia
1452 1314 1574 1339 erecto.

216 1362 339 1407 Itaque
356 1375 419 1407 pro
437 1364 542 1397 seculi
562 1364 657 1396 illius
676 1364 826 1401 modulo,
845 1362 983 1405 scripsit

361 1420 414 1453 De
433 1420 603 1453 Paschate
622 1419 824 1452 celebrando
1135 1419 1193 1452 lib.
1216 1427 1239 1450 Ι.

362 1476 415 1509 De
435 1476 531 1509 Petri
550 1475 801 1520 Praerogativa
1134 1475 1193 1507 lib.
1214 1484 1238 1507 1.

358 1532 412 1565 De
430 1531 623 1564 Concordia
640 1531 882 1564 Ecclesiastica
1134 1531 1192 1564 lib.
1214 1541 1237 1563 1.

359 1588 607 1620 Meditationes
1132 1588 1191 1620 lib.
1212 1597 1236 1620 1.

263 1645 399 1677 Claruit
416 1654 506 1676 anno
524 1645 626 1676 salut.
647 1651 797 1675 DCLVII.
824 1655 893 1687 quo
918 1648 1072 1686 tempore
1095 1649 1156 1676 aut
1182 1644 1241 1676 ubi
1267 1644 1401 1683 obierit,
1428 1656 1497 1677 non
1520 1646 1576 1678 de—

215 1701 391 1744 prehendi,
406 1700 562 1742 suspicor
580 1703 696 1732 tamen
713 1699 750 1732 iu
768 1699 893 1738 Scotia,
912 1711 981 1742 quo
995 1706 1217 1738 concesserat,
1236 1699 1311 1744 [ut]
1329 1706 1485 1734 auctores
1504 1703 1575 1734 lau-

215 1757 287 1790 dati
305 1761 488 1794 testantur,
509 1766 710 1798 supremum
729 1755 853 1788 obiisse
871 1756 973 1788 diem.
1001 1756 1137 1789 Colitur
1156 1765 1240 1789 xlv,
1260 1757 1452 1789 Februarii.

664 1867 697 1900 S.
725 1867 987 1901 CANDIDUS.
1040 1871 1119 1904 273.

215 1981 249 2013 S.
286 1980 496 2013 CANDIDUS
530 1981 720 2024 presbyter,
756 1982 792 2013 in
828 1980 942 2014 Scotia
977 1985 1079 2014 natus
1110 1981 1169 2014 ubi
1200 1983 1401 2015 coenobium
1437 1990 1488 2016 est
1523 1984 1574 2015 di-

215 2042 308 2069 ctum
335 2036 438 2068 Sedes
462 2036 682 2075 Animarum,
708 2037 743 2068 in
771 2041 888 2069 tenera
913 2038 1063 2080 pueritia
1089 2038 1215 2070 missus
1242 2039 1285 2070 ad
1310 2038 1572 2071 Lindisfarnen-

215 2103 286 2124 sem
305 2093 465 2130 insulam,
492 2097 526 2124 et
551 2092 757 2124 monachum
781 2093 906 2131 induit,
933 2098 967 2126 et
993 2098 1248 2136 praeceptorem
1275 2094 1397 2127 habuit
1421 2094 1455 2126 S.
1484 2094 1571 2138 Hig-

215 2148 355 2180 baldum
386 2147 538 2186 Scotum,
570 2148 728 2190 indeque,
754 2153 794 2180 ut
820 2149 1057 2192 religiosorum
1086 2160 1160 2182 mos
1186 2155 1248 2188 est,
1267 2152 1456 2183 translatus
1484 2151 1570 2182 Mel-

216 2204 343 2236 rosiam
361 2203 396 2235 S.
415 2202 565 2235 Alc-uino
583 2202 685 2236 Scoto
707 2214 742 2235 se
766 2207 878 2236 totum
902 2205 1046 2244 addixit,
1074 2216 1152 2238 cum
1179 2217 1248 2249 quo
1274 2207 1310 2238 in
1337 2206 1467 2239 Gallias
1493 2217 1569 2248 pro-

215 2259 325 2292 fectus
355 2259 531 2302 ingentem
561 2258 689 2290 famam
719 2260 839 2291 retulit
871 2271 892 2291 a
916 2260 1045 2302 pietate
1075 2266 1107 2293 et
1138 2262 1330 2294 literatura.
1392 2262 1457 2294 Sed
1490 2262 1569 2293 inde

214 2315 251 2347 in
277 2313 428 2347 Scotiam
454 2314 629 2353 remissus,
656 2315 699 2346 ad
725 2315 974 2348 monasterium
997 2315 1281 2350 Lindisfarnense
1304 2328 1480 2362 regressus
1506 2322 1567 2355 est,

888 2379 915 2402 Y
