1861 2682
238 258 298 286 100
610 257 835 289 HISTORIA
860 256 1223 288 ECCLESIASTICA

244 350 389 388 vellicat,
407 349 583 393 religionis
601 350 716 381 verius
733 358 837 390 quam
855 347 1030 380 doctrinae
1046 357 1150 391 erg03
1177 347 1237 380 sed
1259 348 1334 380 laus
1357 347 1416 379 illa
1439 347 1595 381 virorum

244 405 501 438 Catholicorum
519 404 562 437 ab
579 403 760 437 haereticis
778 403 866 435 male
883 402 1014 435 audire.

704 512 1010 547 BELISARIUS.
1065 511 1143 549 176.

245 628 499 666 BELISARws,
516 633 618 671 poeta
635 626 866 660 Christianus.
912 624 971 657 An
989 623 1111 657 Scotus
1128 623 1245 664 fuerit,
1264 625 1413 670 ambigo.
1456 624 1597 668 Scripsit

388 683 632 716 Acrostichum
656 683 692 715 in
716 680 894 714 Sedulium
917 679 1069 713 Scotum.
1120 679 1230 714 Extat
1255 685 1339 714 tom.
1366 689 1403 714 V.
1431 680 1598 714 Biblioth.

435 738 494 771 SS.
515 738 671 771 Patrum.

292 794 442 827 Vivebat
459 805 549 827 anno
568 802 732 827 CCCCXL.

572 905 773 939 ALANUS
799 904 1134 938 BALANTINUS.
1188 906 1267 941 177.

242 1019 410 1051 ALANUS
436 1017 642 1051 Balantinus
669 1018 762 1050 domi
786 1017 884 1050 bonis
908 1017 1040 1050 artibus
1067 1027 1189 1050 vacare
1214 1016 1336 1059 coepit,
1363 1021 1438 1048 tum
1464 1017 1499 1048 in
1518 1015 1602 1048 Ger-

243 1075 394 1107 maniam
418 1074 564 1118 trajecit,
587 1074 815 1117 aptissimam,
841 1078 881 1106 ut
904 1072 970 1115 ipsi
995 1071 1188 1110 videbatur,
1213 1071 1327 1104 Musis
1348 1071 1473 1110 sedem,
1499 1077 1601 1114 atque

244 1130 290 1163 ibi
317 1140 444 1174 magna
469 1130 636 1162 modestia
662 1129 777 1163 studia
802 1128 962 1166 excoluit,
988 1138 1076 1171 quae
1102 1127 1225 1160 deinde
1247 1127 1284 1160 in
1301 1127 1529 1160 celeberrimis
1553 1127 1599 1159 ibi

243 1186 435 1231 gymnasiis
465 1185 616 1218 docendo
643 1185 806 1218 exercuit.
857 1183 1003 1227 Scripsit
1028 1183 1148 1221 multa,
1174 1182 1234 1216 sed
1260 1182 1371 1225 apices
1398 1183 1458 1214 vix
1483 1182 1601 1224 depre-

243 1241 368 1280 liendi3
395 1247 511 1274 tamen
529 1247 621 1274 certo
640 1245 774 1274 constat
792 1241 889 1272 illum
907 1238 1098 1282 publicasse

386 1296 439 1330 De
458 1296 659 1330 Astrolabio
1014 1294 1072 1326 lib.
1093 1302 1117 1326 1.

384 1352 437 1385 De
456 1352 584 1385 Terrae
603 1351 769 1384 Mensura
1011 1349 1070 1382 lib.
1090 1358 1115 1382 1.

386 1407 548 1440 Chronici
567 1406 772 1439 universalis
1013 1405 1071 1438 lib.
1093 1413 1117 1437 1.
1144 1403 1194 1438 Et
1211 1405 1294 1448 quia
1311 1404 1498 1437 Eduardus
1518 1404 1601 1436 Hal-

435 1464 488 1495 lus
509 1463 545 1495 in
566 1461 702 1495 Histor.
722 1461 917 1506 Anglicana
934 1461 1032 1494 illum
1057 1461 1186 1499 laudat,
1210 1460 1423 1503 ineptissime
1446 1460 1601 1503 Anglum

434 1518 516 1551 facit
534 1517 693 1550 Pitsaeus
711 1522 798 1550 cent.
819 1526 844 1549 Ι.

292 1575 441 1609 Vivebat
459 1585 549 1607 anno
569 1581 699 1606 MDLX.
751 1572 792 1605 In
811 1572 1006 1606 Germaniis
1024 1571 1120 1605 obiit.

705 1740 1004 1775 BRICMORUS.
1059 1743 1136 1777 178.

244 1857 493 1895 BRICMORUS,
528 1860 754 1900 cognomento
789 1853 962 1897 sophista,
1005 1853 1187 1886 canonicus
1229 1852 1409 1895 regularis,
1454 1850 1597 1882 Sanctae

243 1912 364 1946 Crucis
399 1911 690 1955 Edimburgensis
719 1911 890 1948 alumnus,
920 1910 957 1941 in
986 1908 1175 1941 Aristotele
1206 1906 1375 1940 volvendo
1407 1906 1597 1939 consenuit.

242 1980 333 2002 unus
369 1979 410 2001 ex
445 1968 487 2001 iis
522 1968 581 2010 qui
615 1979 633 2000 e
667 1966 780 1999 Scotia
814 1977 856 1999 ex
889 1965 1024 1997 decreto
1054 1963 1188 1996 concilii
1219 1961 1425 1995 Viennensis
1456 1961 1499 1994 ad
1529 1960 1600 1994 Ox-

244 2024 418 2057 oniensem
452 2023 672 2061 academiam,
708 2027 748 2055 ut
783 2032 882 2064 saepe
916 2020 979 2052 hoc
1022 2029 1122 2062 opere
1164 2018 1327 2056 diximus,
1369 2017 1494 2051 missus
1537 2022 1597 2049 est.

241 2079 313 2112 Scri
341 2079 386 2112 sit

316 2090 339 2123 p
390 2133 672 2177 Hypomnemata
689 2133 726 2165 in
744 2131 915 2165 Elenchos
934 2129 1133 2163 Aristotelis
1187 2129 1246 2162 lib.
1265 2137 1306 2161 11.

387 2189 429 2223 In
447 2189 600 2232 ejusdem
619 2187 750 2230 Topica
1189 2185 1247 2218 lib.
1267 2192 1319 2217 lv,

387 2244 429 2278 In
447 2244 600 2289 ejusdem
619 2243 741 2276 Priora
1190 2241 1249 2274 lib.
1269 2249 1311 2273 11.

389 2300 431 2335 In
450 2300 602 2345 ejusdem
622 2299 819 2333 Posteriora
1191 2296 1250 2329 lib.
1270 2304 1310 2328 11.
