1861 2682
262 297 323 326 148
636 296 859 328 HISTORIA
884 295 1246 327 ECCLESIASTICA

263 399 335 420 sam
354 389 538 431 promovit,
565 393 598 420 et
621 387 656 419 in
675 392 792 420 sancto
815 397 916 429 opere
942 386 1126 424 extinctus,
1152 386 1396 418 miraculorum
1424 385 1534 428 gloria
1560 396 1614 418 co-

263 445 426 477 ruscavit.
472 443 576 475 Hunc
594 442 750 486 Anglum
768 442 851 475 facit
869 452 1050 479 nonnemo,
1070 442 1238 483 imperite,
1258 452 1335 473 cum
1354 440 1480 473 Petrus
1498 439 1614 473 Crate-

262 500 374 542 polius
391 500 518 532 diserte
536 498 675 531 Scotum
694 498 807 537 faciat,
826 502 860 530 et
878 498 1013 541 vulgari
1032 497 1201 529 versiculo
1218 500 1314 539 patet
1329 506 1337 529 :

517 584 651 621 Vulganii
666 584 750 617 Celsi,
764 594 847 621 quem
862 584 958 620 Belgis
974 583 1065 610 Scotia
1079 582 1165 610 misit.

263 665 417 709 Maligne
436 665 620 698 commenti
638 669 720 697 sunt
737 663 895 708 Anglum
912 663 1019 696 fuisse
1037 674 1079 696 ex
1096 664 1275 706 supposito
1295 674 1397 697 versu
1413 676 1421 697 ι

517 750 652 786 Vulganii
668 749 751 782 Celsi,
767 750 815 786 qui
830 749 865 776 ad
879 759 928 777 nos
942 749 1068 787 procedit
1082 750 1116 777 ab
1130 749 1241 787 Anglis.

264 830 371 868 Quasi
392 829 435 862 ab
457 828 584 873 Anglis
611 829 803 871 procedere,
830 829 875 861 sit
903 840 975 862 esse
1002 829 1171 874 Anqum,
1197 841 1275 863 cum
1302 842 1418 864 omnes
1444 837 1614 865 nostrates

261 886 554 929 peregrinationes
584 896 664 918 suas
695 885 738 917 ab
767 884 898 930 Anglia
924 885 1126 928 inciperent.
1187 885 1247 918 An
1273 887 1403 930 aliquid
1429 889 1614 930 scripserit,

260 943 392 986 ignoro.

309 998 431 1030 Sacrae
449 998 524 1041 ejus
542 998 708 1040 reliquiae
732 998 769 1030 in
795 998 974 1030 Lensiensi
1001 998 1141 1030 ecclesia
1166 1003 1416 1032 conservantur
1441 999 1477 1031 in
1502 999 1615 1043 Belgii

260 1053 417 1091 confinio,
437 1058 470 1086 et
488 1054 613 1086 colitur
631 1054 685 1086 die
704 1062 817 1086 XXVI.
835 1053 858 1086 J
861 1054 933 1092 ulii,
952 1054 1094 1086 Molano
1116 1059 1150 1087 et
1168 1055 1329 1088 Ferreolo
1353 1055 1477 1088 Locrio
1499 1061 1613 1088 aucto-

260 1110 367 1143 ribus.

308 1165 385 1204 Quo
403 1176 493 1198 anno
512 1164 676 1203 floruerit,
695 1176 765 1198 non
782 1165 1001 1208 deprehendi,
1020 1170 1106 1208 puto
1122 1170 1239 1198 tamen
1260 1175 1326 1198 Mc.

646 1261 680 1294 S.
708 1260 1104 1294 CONSTANTINUS.
1157 1260 1236 1294 246.

261 1333 294 1366 S.
315 1334 632 1367 CONSTANTINUS
648 1333 715 1365 III.
736 1332 915 1364 Scotorum
935 1343 1006 1370 rex,
1026 1332 1113 1364 Ethi
1132 1332 1172 1364 F.
1192 1333 1325 1377 ingenti
1344 1333 1415 1366 acie
1433 1334 1475 1366 ab
1489 1333 1615 1379 Anglis

261 1390 384 1428 victus,
410 1400 557 1433 regnum
584 1389 724 1431 reliquit
751 1387 935 1419 Malcolmo
953 1388 981 1420 Ι.
1008 1387 1158 1420 Donaldi
1177 1388 1240 1421 VI.
1264 1388 1344 1427 filio,
1371 1394 1404 1422 et
1423 1390 1466 1422 ad
1484 1390 1527 1422 D.
1542 1390 1616 1423 An-

261 1447 372 1484 dreae,
390 1445 607 1478 sanctissimo
624 1444 811 1487 proposito,
831 1444 1037 1476 monachum
1056 1444 1180 1482 induit,
1199 1450 1232 1477 et
1247 1449 1324 1487 post
1338 1446 1465 1477 multos
1481 1446 1614 1478 labores

262 1502 454 1534 exantlatos
474 1501 621 1533 vinculis
641 1501 734 1532 vitae
752 1500 897 1532 caducae
915 1500 1059 1537 solutus,
1078 1500 1121 1531 ad
1139 1505 1315 1533 aeternam
1342 1500 1426 1532 abiit
1452 1501 1614 1543 quietem.

262 1557 363 1590 Hect.
393 1557 516 1589 Boeth.
547 1556 605 1589 lib.
637 1565 702 1588 XL.
736 1555 870 1588 Histor.
901 1554 991 1587 Scot.
1020 1554 1042 1586 J
1045 1566 1121 1587 oan.
1151 1555 1315 1589 Leslaeus
1341 1556 1399 1589 lib.
1422 1565 1458 1588 V.
1485 1561 1519 1589 et
1544 1558 1614 1590 alii.

261 1612 418 1656 Scripsit,
437 1617 476 1645 ut
496 1613 631 1651 volunt,

404 1668 462 1701 Ad
480 1668 726 1700 Athelstanum
745 1667 894 1711 Angliae
912 1666 1043 1711 Regem
1062 1678 1165 1710 super
1184 1667 1271 1700 Pace
1289 1678 1366 1700 cum
1385 1667 1495 1701 Scotis
1513 1668 1571 1700 lib.
1591 1679 1613 1701 1.

453 1725 590 1757 Laudat
607 1724 671 1756 hoc
689 1735 775 1766 opus
795 1723 952 1755 Historia
969 1722 1102 1755 scotica
1120 1723 1285 1756 Forduni.

404 1780 650 1813 Meditationes
668 1780 742 1822 pias
1177 1779 1235 1811 lib.
1256 1788 1279 1811 Ι.

307 1837 408 1870 Vixit
433 1837 594 1880 religioso
620 1836 742 1868 habitu
768 1836 866 1867 annis
893 1843 1021 1866 XXXV.
1048 1845 1109 1866 rex
1132 1834 1201 1867 fuit
1226 1836 1325 1868 annis
1352 1844 1386 1867 v.
1414 1836 1500 1869 obiit
1526 1848 1616 1871 anno

264 1901 508 1925 DCCCCXLIH.
539 1891 716 1924 Arnoldus
743 1891 859 1923 Uvion
884 1890 942 1922 lib.
963 1899 1015 1922 IV·
1042 1890 1147 1934 Ligni
1168 1890 1271 1923 Vitae
1297 1902 1369 1933 cap.
1389 1899 1458 1923 vn.
1509 1891 1617 1926 Errat

262 1959 332 1981 non
349 1949 471 1981 leviter
488 1948 683 1992 Ingulphus
702 1947 932 1990 Croylanden.
953 1946 1046 1978 Hist.
1066 1956 1144 1990 pag.
1164 1955 1374 1979 CCCCXCIX.
1393 1958 1471 1980 eum
1490 1948 1527 1980 in
1545 1950 1616 1982 acie

262 2005 311 2036 ait
353 2004 572 2036 interfectum
615 2014 634 2035 a
673 2003 817 2047 Singino
859 2002 1071 2034 Wicciorum
1113 2003 1322 2035 centurione.
1390 2003 1526 2037 Colitur
1559 2014 1615 2038 XI.

264 2060 395 2092 Martii.

707 2153 740 2186 S.
767 2152 941 2191 COMUS‚
966 2153 1042 2185 AB.
1094 2156 1172 2190 247.

264 2227 298 2260 S.
330 2226 479 2264 COMUS‚
507 2226 610 2259 abbas
637 2227 672 2258 in
696 2226 811 2259 Scotia
836 2225 900 2258 sub
925 2224 1064 2257 Aidano
1090 2225 1191 2258 VIII.
1216 2238 1306 2271 rege,
1333 2233 1528 2261 sanctorum
1560 2230 1617 2262 illo

263 2283 374 2316 ferace
392 2283 515 2320 seculo,
536 2282 776 2314 canonicorum
795 2286 902 2324 pater,
923 2283 1059 2325 scripsit

409 2337 636 2370 Enchiridion
655 2338 800 2370 Precum
1079 2340 1137 2372 lib.
1158 2348 1181 2371 Ι.
1201 2346 1235 2373 et
1253 2341 1329 2372 alia.
