1861 2682
277 252 336 281 195.)
647 253 872 284 HISTORIA
897 253 1262 284 ECCLESIASTICA

420 343 597 386 Epistolas
616 344 658 376 ad
677 344 799 376 Patres
818 343 935 387 Scotos
954 343 990 375 in
1009 343 1132 387 Belgio
1336 343 1394 376 lib.
1415 353 1438 375 1.

323 400 421 432 Obiit
444 410 498 432 an.
522 407 781 432 MCCCCXLVII.
807 399 929 431 Franc.
955 397 1120 441 Gonzaga
1143 409 1216 441 par.
1242 407 1300 431 111.
1328 399 1369 431 de
1392 398 1491 443 Orig.
1518 400 1630 444 Relig.

276 455 392 497 Serap.
429 466 508 499 pag.
537 463 783 487 DCCCXLVIII.
809 459 842 487 et
866 454 1026 496 frequens
1051 452 1265 496 Antverpiae
1287 455 1362 499 ejus
1386 455 1511 497 piaque
1536 461 1629 488 extat

276 521 448 543 memoria.

712 604 1059 638 CHRISTIANUS.
1112 603 1192 637 346.

277 678 560 716 CHMSTIANus,
589 676 764 709 Candidae
790 676 897 708 Casae
922 676 1113 719 episcopus,
1139 676 1282 709 concilio
1308 676 1521 710 Londinensi
1549 680 1631 710 cele-

277 734 374 766 brato
397 744 416 765 a
441 733 616 765 Richardo
641 732 884 764 Cantuariensi
908 731 1163 774 archiepiscopo
1187 731 1251 764 sub
1277 731 1429 765 Henrico
1454 732 1500 765 ΙΙ.
1529 734 1632 766 inter-

276 789 368 827 fuit;
402 800 440 821 ea
470 788 561 820 enim
591 786 795 830 tempestate
825 787 965 820 eeclesia
1001 786 1134 820 scotica
1169 788 1324 820 nondum
1355 788 1520 830 primates
1552 800 1630 822 snos

275 845 451 877 habuerat.
485 844 574 888 Rog.
589 844 630 876 de
645 843 781 876 Hoved.
797 842 923 876 Annal.
937 855 1009 886 par.
1026 852 1068 876 ΙΙ.
1083 854 1161 888 pag.
1177 852 1321 876 cccxx.
1351 843 1437 876 Mox
1449 855 1468 876 a
1482 844 1632 877 Viviano

275 899 308 931 S.
334 900 378 932 R.
402 899 446 933 E.
472 900 655 938 cardinale,
684 904 718 932 et
746 900 782 931 in
808 898 923 932 Scotia
946 899 1133 942 apostolico
1157 900 1282 943 legato,
1308 899 1400 942 quod
1423 900 1565 932 concilio
1589 901 1631 932 ad

275 955 435 988 Castrum
463 955 662 989 Puellarum
686 956 815 988 indicto
840 955 1005 988 interesse
1030 955 1152 993 noluit,
1177 955 1283 987 sacris
1308 955 1524 994 interdictus,
1553 960 1586 988 et
1612 967 1631 987 a

274 1011 460 1053 pontificali
479 1011 588 1044 officio
607 1022 806 1054 suspensus,
825 1011 974 1044 Romam
992 1011 1205 1053 provocavit.
1257 1010 1403 1053 Scripsit

417 1067 508 1101 Acta
526 1067 672 1100 Concilii
691 1067 922 1100 Londinensis
1333 1066 1392 1099 lib.
1414 1075 1437 1098 1.

419 1124 679 1156 Provocationis
694 1124 736 1156 ad
750 1122 987 1166 Apostolicam
1002 1121 1123 1154 Sedem
1139 1121 1306 1155 Rationes
1333 1122 1391 1155 lib.
1412 1131 1435 1154 1.

324 1179 457 1213 Floruit
477 1191 567 1213 anno
587 1187 804 1212 MCLxxvn.

677 1290 711 1323 S.
739 1288 1088 1322 COLUMBANUS.
1141 1290 1221 1324 347.

274 1403 307 1434 S.
328 1403 606 1435 COLUMBANUS
624 1401 740 1440 abbas,
758 1401 906 1445 Dagami
925 1400 1074 1442 episcopi
1097 1404 1310 1439 coaetaneus,
1334 1400 1467 1433 fidelem
1491 1412 1629 1444 operam

275 1460 316 1491 ad
335 1470 453 1502 pacem
471 1459 562 1491 inter
579 1458 727 1501 patriam
746 1462 780 1490 et
798 1456 1036 1489 Britannicam
1061 1456 1236 1488 ecclesiam
1260 1456 1509 1489 conciliandam
1532 1468 1628 1500 prae-

278 1516 379 1554 stitit,
406 1520 446 1548 ut
476 1525 517 1546 ex
543 1514 642 1556 epist.
667 1513 848 1546 Laurentii
874 1512 968 1545 Justi
996 1517 1030 1545 et
1058 1511 1185 1544 Melliti
1209 1510 1405 1555 Anglorum
1429 1515 1628 1554 praesulum

273 1573 434 1604 docemur
451 1570 544 1613 apud
563 1569 703 1601 Henric.
724 1568 934 1601 Huntindon
951 1568 1009 1600 lib.
1031 1575 1088 1599 ΙΙΙ.
1109 1566 1296 1600 Historiar.
1315 1577 1394 1611 pag.
1412 1576 1626 1601 CLXXXVII.

275 1627 346 1659 Scri
375 1627 419 1659 sit

350 1638 372 1669 p
416 1682 592 1724 Epistolas
611 1681 652 1714 ad
672 1680 842 1712 Ecclesias
860 1679 1080 1712 Britannicas
1332 1679 1389 1712 lib.
1411 1689 1434 1711 1.

416 1737 592 1780 Epistolas
611 1737 653 1769 ad
672 1735 872 1768 Confratres
890 1734 1008 1768 Scotos
1331 1735 1389 1767 lib.
1411 1743 1434 1767 1.

322 1794 458 1826 Floruit
476 1804 566 1825 anno
586 1800 739 1824 Dxcvn.
767 1790 902 1823 Colitur
917 1799 983 1823 xv.
1005 1788 1129 1824 Octob.
1155 1790 1328 1823 Videntur
1342 1791 1459 1823 eodem
1475 1795 1627 1833 tempore

272 1851 339 1882 duo
357 1850 461 1893 hujus
479 1849 627 1881 nominis
646 1847 763 1879 fuisse.

641 1958 866 1991 JOANNES
892 1958 1125 1991 CUMINUS.
1180 1959 1258 1990 348.

272 2074 457 2105 JOANNES
487 2072 667 2108 Cuminus,
702 2081 744 2103 ex
778 2070 990 2102 nobilissimo
1017 2070 1183 2103 comitum
1213 2069 1413 2103 Buchaniae
1444 2074 1624 2103 stemmate

273 2133 380 2166 ortus,
412 2127 552 2160 Banfiae
582 2130 695 2163 natus,
726 2125 909 2158 falsissime
938 2125 1028 2158 inter
1057 2124 1192 2170 Anglos
1221 2127 1412 2168 reponitur,
1442 2137 1519 2158 cum
1551 2126 1624 2168 ipse

274 2184 419 2216 viderim
444 2183 612 2226 quaedam
638 2182 746 2224 ipsius
772 2192 882 2224 nuper
906 2180 1048 2214 Parisiis
1075 2182 1213 2224 scripta,
1245 2182 1371 2224 quibus
1398 2192 1538 2214 suorum
1566 2193 1624 2224 po-

272 2241 432 2282 pulorum
463 2249 600 2271 causam
630 2236 783 2280 pontifici
811 2236 919 2269 Lucio
946 2237 1199 2270 commendavit
1230 2237 1266 2269 in
1292 2237 1498 2270 bibliotheca
1524 2236 1622 2269 Pauli

274 2295 407 2327 Petavii
451 2293 618 2326 senatoris
662 2292 879 2331 Parisiensis,
924 2297 958 2325 et
996 2291 1096 2325 Joan.
1139 2292 1323 2326 Fordunus
1357 2293 1415 2325 lib.
1453 2301 1504 2324 IV.
1545 2303 1623 2324 eum
