1861 2682
570 271 740 304 GENTIS
764 268 1034 306 SCOTORUM‚
1063 268 1150 300 LIB.
1175 269 1200 300 1.
1556 269 1578 298 ⁴³

223 365 277 398 Jo.
297 377 316 398 a
334 364 446 409 Nigra
462 364 560 397 Valle
578 364 674 408 Epit.
695 363 895 397 Chronicar.
915 367 936 381 “
953 361 988 395 S.
1008 361 1136 394 Aidan.
1155 359 1373 393 Scotiensis.’'

275 421 342 454 Hic
360 432 440 465 non,
451 421 551 454 aliter
573 420 716 453 docebat
738 430 843 463 quam
867 418 1027 452 vivebat:
1054 418 1129 450 ideo
1148 417 1228 461 jure
1254 414 1578 448 Northumbrorum

225 478 401 518 apostolus
431 488 451 509 a
479 482 581 521 gente
611 487 650 509 ea
679 476 722 509 ad
751 475 930 508 Christum
962 483 1127 506 conversa
1157 471 1271 522 v-ocari
1307 470 1445 503 meruit.
1475 468 1576 501 Joan.

226 531 389 564 Leslaeus
412 533 470 565 lib.
492 541 543 565 IV.
570 532 662 565 Hist.
686 531 776 565 Scot.
802 542 880 576 pag.
900 538 1039 563 CLVIII.
1090 527 1184 561 Coisi
1209 527 1379 560 idolorum
1404 525 1578 558 sacerdote

226 586 322 619 victo
339 588 514 631 regionem
532 587 672 621 Christo
689 587 854 620 subdidit.
905 585 1017 618 Hunt.
1038 584 1132 618 Hist.
1151 584 1210 617 lib.
1231 591 1290 615 111.
1342 581 1392 614 Et
1405 582 1481 614 ideo
1496 581 1578 613 Lin-

225 641 449 676 disfarnensis
480 643 638 676 ecclesiae
667 643 800 686 primus
832 642 1022 685 episeopuS,
1048 640 1163 673 sedem
1189 640 1225 672 in
1250 639 1364 672 insula
1389 648 1429 670 ea
1455 637 1578 669 consti-

225 697 293 729 tuit
317 698 461 739 primus,
487 709 574 741 quae
597 704 727 741 postea,
752 699 866 731 insula
888 698 976 730 bello
994 700 1139 735 vastata,
1164 695 1376 728 Dunelmum
1400 694 1579 727 translata.

226 752 347 795 Polyd.
367 753 466 798 Virg.
485 754 543 787 lib.
564 763 599 786 v.
620 754 713 787 Hist.
732 754 838 798 Angl.
857 764 936 797 pag.
956 761 1016 785 ev.
1068 752 1137 784 Hic
1161 752 1309 795 primam
1333 750 1496 783 feminam
1521 760 1580 781 no-

224 808 317 841 mine
344 808 436 842 Hein
462 810 498 842 in
523 821 562 842 ea
588 811 701 842 insula
730 809 1026 842 sanctimonialem
1057 807 1282 841 consecravit.
1314 804 1409 839 Beda
1437 805 1496 838 lib.
1526 814 1577 837 Π.

229 863 319 897 Hist.
338 863 537 897 Ecclesiast.
556 864 663 909 Angl.
682 876 755 908 cap.
775 873 878 898 xxlt.
930 863 1020 897 Vide
1038 863 1129 896 infra
1151 863 1207 896 hic
1224 863 1283 896 lib.
1304 870 1362 895 111.
1382 862 1418 894 in
1439 858 1579 894 Corma-

226 929 302 959 ηαδ,
321 920 381 953 ubi
399 920 523 953 fusius.
574 920 664 965 Ejus
684 932 767 953 vero
784 925 878 959 sunt,

369 975 619 1010 Commentarii
639 977 674 1009 in
693 976 888 1020 Scripturas
969 969 971 971 ¹
1139 976 1197 1008 lib.
1219 984 1242 1008 1.

371 1031 545 1065 Homiliae
1138 1032 1196 1064 lib.
1218 1039 1241 1063 1.

371 1087 561 1121 Conciones
1140 1088 1199 1121 lib.
1220 1097 1242 1120 1.

273 1143 371 1176 Obiit
388 1153 479 1175 anno
495 1144 617 1176 salutis
636 1152 741 1176 DCLI.
782 1144 872 1177 Ossa
889 1154 970 1177 vero
988 1145 1024 1176 in
1042 1142 1157 1176 Scotia
1174 1154 1235 1186 per
1252 1143 1483 1176 Colmannum
1506 1153 1579 1175 suc-

227 1209 395 1231 cessorem
431 1199 609 1237 translata,
644 1203 678 1231 et
708 1209 836 1241 paucae
865 1200 1031 1242 reliquiae
1061 1199 1260 1232 Glastoniae
1289 1199 1456 1231 conditae.
1488 1199 1580 1231 Guil.

226 1253 448 1286 Malmesbur.
502 1253 691 1287 Monachos
709 1264 779 1286 non
796 1254 977 1287 cervisiam
995 1259 1056 1287 aut
1081 1255 1213 1292 vinum,
1239 1254 1297 1287 sed
1323 1255 1375 1286 lac
1400 1259 1434 1287 et
1457 1265 1581 1297 aquam

228 1309 341 1342 bibere
358 1309 480 1347 voluit,
498 1309 566 1341 late
585 1307 754 1341 Hoveden
772 1313 861 1352 part.
881 1317 906 1341 1.
924 1309 1033 1352 princ.
1053 1314 1087 1342 et
1105 1310 1231 1352 repetit
1249 1320 1328 1354 pag.
1348 1318 1463 1342 CCXL.
1516 1309 1584 1342 De-

225 1366 375 1399 mochar.
394 1370 477 1398 tom.
497 1373 555 1397 111.
574 1375 652 1409 pag.
668 1373 779 1397 XLVI.
797 1369 882 1397 torn.
898 1373 951 1397 IV.
967 1375 1045 1409 pag.
1061 1372 1200 1397 exxw.
1219 1364 1360 1397 Scotum
1381 1365 1474 1403 facit,
1492 1369 1532 1397 ut
1549 1371 1583 1398 et

227 1421 287 1454 SS.
302 1421 512 1459 Finnanum,
524 1421 766 1459 Colmannum,
781 1420 965 1458 Diurnam,
980 1425 1014 1453 et
1026 1419 1174 1453 Cellach.
1210 1419 1348 1453 Diserte
1363 1420 1506 1453 Bibliot.
1522 1420 1582 1453 SS.

228 1478 299 1510 ΡΡ.
322 1477 413 1520 apud
434 1476 489 1508 J0.
513 1476 668 1509 Gualter.
695 1475 824 1508 Chron.
852 1475 1013 1509 Chronic.
1042 1487 1121 1520 pag.
1149 1484 1359 1509 Deccexcl.
1388 1481 1407 1495 ‘⁶
1426 1476 1585 1509 Aidanus

228 1533 366 1567 Auvius
385 1532 538 1565 Scotus.’'
575 1536 594 1550 ‘⁶
606 1531 772 1564 Animam
791 1532 865 1576 ejus
882 1543 969 1575 puer
987 1531 1215 1565 Cuthibertus
1233 1532 1321 1565 vidit
1340 1532 1382 1565 ab
1400 1533 1531 1577 angelis
1550 1533 1585 1564 in

229 1590 358 1622 coelum
372 1587 487 1626 ferri‚”
501 1588 550 1621 ait
564 1587 717 1620 Florent.
734 1587 952 1632 Wigornien.
989 1587 1160 1620 Memoria
1177 1588 1252 1632 ejus
1269 1588 1462 1621 celebratur
1480 1588 1522 1621 ab
1536 1600 1585 1621 ec-

228 1645 329 1677 clesia
351 1644 406 1676 die
433 1652 549 1676 xxxr.
576 1643 743 1688 Augusti.
771 1643 1005 1688 Martyrologi
1028 1644 1225 1686 scriptores.
1253 1643 1383 1677 Molan.
1403 1644 1583 1677 Addition.

229 1700 377 1734 Usuard.
406 1699 634 1744 Martyrolog.
662 1699 809 1732 Roman.
838 1698 913 1732 Pet.
940 1698 1147 1732 Galesinius.
1172 1698 1483 1743 Archiepiscopum
1502 1699 1583 1732 facit

229 1756 405 1789 Arnoldus
424 1755 540 1788 Uvion
560 1755 618 1788 lib.
639 1764 680 1788 11.
700 1754 803 1799 Lign.
822 1754 925 1788 Vitae
943 1766 1020 1799 pag.
1041 1763 1187 1788 CCXLV.

690 1867 725 1900 S.
753 1865 1039 1900 ADALGISUS.
1092 1869 1123 1899 8.

232 1980 388 2013 MAGNA
414 1981 606 2014 sanctitatis
636 1980 729 2013 fama
758 1980 947 2024 Adalgisus
977 1980 1131 2013 exercuit
1163 1980 1229 2012 viri
1261 1980 1341 2012 boni
1372 1980 1520 2013 officium
1552 1982 1587 2014 iu

232 2036 364 2080 Belgio,
390 2037 595 2079 suscipiente
622 2036 847 2081 Madelgario,
874 2036 934 2079 qui
960 2040 1078 2079 postea
1103 2035 1249 2068 Sanctus
1281 2035 1489 2069 Vincentius
1520 2037 1589 2069 dic-

233 2097 289 2124 tus
320 2096 381 2129 est,
412 2091 618 2125 Hannoniae
645 2092 780 2124 comite.
834 2091 944 2125 Notat
974 2091 1153 2124 Aubertus
1184 2091 1338 2124 Miraeus
1369 2092 1410 2124 de
1441 2092 1590 2125 Canoni-

232 2156 349 2179 corutn
382 2146 544 2190 Collegiis
574 2157 647 2190 cap.
679 2155 773 2180 XLV,
809 2147 950 2180 comites
987 2147 1094 2180 fuisse
1130 2152 1267 2181 sanctae
1302 2148 1588 2192 peregrinationis

234 2202 436 2240 Fursaeum,
468 2202 675 2240 Foillanum‚
707 2202 887 2241 Ultanum,
926 2203 1128 2246 Eloquium,
1166 2202 1344 2241 Ettonem,
1379 2209 1413 2236 et
1447 2202 1589 2246 Adalgi-

233 2268 321 2290 sum.
363 2257 411 2290 Hi
425 2262 507 2290 sunt
520 2257 569 2289 illi
585 2257 626 2289 de
640 2257 765 2300 quibus
779 2257 979 2302 Sigebertus
998 2259 1035 2291 in
1052 2258 1181 2291 Chron.
1203 2263 1223 2277 “
1239 2259 1380 2291 Praeter
1399 2259 1460 2291 hos
1479 2264 1511 2291 et
1530 2260 1588 2291 alii

233 2313 335 2346 inulti
361 2313 402 2345 de
428 2312 558 2357 Anglia
588 2314 641 2346 vel
672 2312 786 2346 Scotia
811 2313 1070 2358 peregrinantes
1097 2314 1240 2348 verbum
1267 2314 1332 2346 Dei
1360 2314 1586 2352 seminabant,

902 2377 923 2400 c
