1861 2682
219 294 280 323 134
432 305 436 310 ·
594 293 819 325 HISTORIA
844 292 1205 324 ECCLESIASTICA

227 391 259 419 et
278 386 445 424 Eustasii,
465 386 519 417 vir
538 395 684 429 magnae
702 389 736 417 et
761 383 1040 426 incomparabilis
1066 382 1289 415 sanctitatis.’'
1317 380 1488 413 Trithem.
1519 381 1577 413 lib.

228 452 284 474 111.
304 443 345 474 de
360 442 435 475 Vir.
455 440 617 473 illustrib.
637 440 759 473 Ordin.
779 439 813 472 S.
833 439 1011 471 Benedicti
1031 448 1103 480 cap.
1124 445 1247 469 LXXV.
1267 436 1370 480 Regii
1389 437 1579 480 sanguinis.

227 497 310 530 Vita
328 497 362 531 S.
381 497 520 530 Fiacrii.
565 496 692 529 Uvion.
711 495 770 528 lib.
791 504 849 528 ΙΙΙ.
874 505 953 538 pag.
975 501 1096 526 DCCII.
1139 492 1424 525 Atrebatensium
1447 498 1581 535 aposto-

228 555 281 585 lus
299 554 406 586 audit.

271 609 409 642 Claruit
427 620 518 642 anno
537 616 704 640 DCXXIV.
733 607 788 639 vel
814 617 904 639 anno
924 614 1042 638 DCXL.
1072 605 1226 638 Patriam
1247 606 1277 638 ei
1297 604 1448 638 Scotiam
1469 605 1583 648 adsig-

222 670 281 698 nat
310 664 523 697 Chronicum
552 664 818 696 Cameracense:
847 666 866 680 ‘⁶
886 661 928 694 In
958 662 1033 694 vico
1055 661 1238 695 Albiniaco
1261 666 1312 694 est
1331 661 1582 693 monasterium

222 722 463 754 canonicorum
495 719 611 752 Sancti
645 718 807 756 Chiliani,
833 717 893 760 qui
924 717 1047 750 Scotus
1077 717 1186 750 fuisse
1216 717 1397 750 traditur.''
1439 716 1583 759 Coi-rige

226 774 386 809 Chillem‘.
430 775 531 809 Joan.
552 775 683 807 Molan.
703 773 812 806 Indic.
831 773 891 806 SS.
910 773 1025 817 Belgii
1043 784 1122 818 pag.
1142 782 1229 806 XXI.

617 886 651 919 S.
679 884 1052 944 CAHINNECPlUS.
1106 887 1187 918 232.

223 1000 257 1032 S.
277 999 587 1038 CAIJINNECHUs‘,
608 1003 642 1031 et
661 998 734 1030 vita
755 1002 789 1030 et
807 998 1019 1030 monasticae
1046 997 1247 1040 disciplinae
1274 996 1476 1029 fundatione
1502 997 1586 1029 cele-

224 1056 305 1094 bris,
325 1056 515 1088 multorum
534 1054 783 1087 monachorum
801 1058 910 1096 pater,
929 1057 1143 1086 memoratur
1161 1052 1204 1085 ab
1214 1052 1423 1085 Adamanno
1437 1051 1538 1084 Scoto
1550 1052 1585 1084 in

224 1112 307 1145 Vita
322 1111 356 1144 S.
374 1111 562 1144 Columbae
577 1110 669 1143 Scoti
687 1110 745 1142 lib.
766 1119 824 1142 111.
840 1120 912 1152 cap.
928 1118 1014 1141 XXI.
1043 1113 1063 1127 ‘⁶
1077 1109 1372 1141 Monasteriorum
1387 1108 1496 1140 sancti
1508 1107 1587 1140 fun-

223 1169 359 1200 datores
377 1167 418 1199 de
436 1166 561 1205 Scotia,
580 1177 728 1209 quorum
747 1165 897 1198 illustria
915 1165 1092 1203 vocabula,
1111 1164 1307 1209 Congellus,
1330 1163 1583 1202 Cahinnechus‚

226 1223 439 1262 Brendenus,
459 1223 646 1255 Cormacus
663 1223 692 1261 ;''
715 1233 777 1255 nec
795 1222 877 1255 alibi
895 1222 936 1254 de
954 1232 1004 1260 eo,
1022 1221 1114 1263 quod
1133 1221 1250 1259 sciam,
1271 1219 1456 1263 quicquam
1474 1219 1586 1263 legere

225 1291 278 1312 ine
296 1280 450 1312 memini.
502 1278 648 1321 Scripsit
666 1289 748 1311 vero

369 1335 542 1380 Regulam
561 1335 603 1367 ad
623 1334 764 1367 Fratres
1095 1332 1154 1364 lib.
1176 1341 1199 1363 1.

274 1392 411 1424 Floruit
429 1402 519 1424 anno
539 1398 630 1423 DLV.

629 1501 665 1534 S.
693 1500 1044 1534 COLUMBANUS.
1099 1503 1178 1533 233.

227 1617 260 1649 S.
305 1616 583 1649 COLUMBANUS
626 1624 753 1658 magna
795 1614 849 1645 vir
889 1613 1017 1656 pietate
1050 1612 1157 1645 fuisse
1191 1611 1403 1655 perhibetur,
1439 1613 1481 1645 de
1520 1623 1588 1655 quo

230 1673 355 1705 Petrus
386 1671 552 1715 Catalogo
581 1670 639 1703 lib.
672 1679 710 1702 X.
743 1680 815 1712 cap.
846 1677 938 1702 XCV.
978 1668 1223 1701 Calendarium
1258 1667 1292 1700 S.
1328 1668 1508 1700 Benedicti
1547 1668 1589 1700 de

229 1728 378 1761 Mantua
405 1726 480 1760 MS.
509 1731 542 1759 et
569 1726 602 1758 S.
629 1725 737 1758 Jonas
764 1725 867 1758 abbas
895 1725 1016 1758 Scotus
1047 1725 1084 1757 in
1110 1724 1194 1757 Vita
1220 1723 1253 1756 S.
1282 1723 1489 1756 Columbani
1515 1734 1587 1766 cap.

230 1793 328 1816 XVII.
370 1794 412 1816 ex
453 1787 592 1815 vetusto
630 1782 796 1824 scriptore
837 1781 1061 1825 Chagnoaldo
1101 1780 1264 1813 Lauduni
1307 1779 1444 1812 Clanati
1486 1780 1587 1822 episc.

229 1845 248 1858 ‘⁵
268 1839 503 1872 Columbanus
522 1843 595 1871 erat
613 1837 783 1882 sanguine
807 1837 1011 1881 conjunctus
1034 1837 1134 1869 beato
1158 1836 1382 1874 Columbano,
1408 1836 1590 1878 parebant-

229 1907 295 1938 que
314 1896 362 1927 illi
382 1895 485 1927 etiam
504 1894 633 1927 bestiae
659 1898 692 1926 et
710 1894 877 1931 volucres,
903 1893 992 1925 sicut
1019 1892 1094 1925 viro
1119 1891 1183 1924 Dei
1211 1891 1436 1930 Columbano,
1463 1892 1504 1924 de
1521 1903 1590 1935 quo

230 1951 328 1984 nobis
363 1950 490 1983 referre
529 1950 660 1983 solebat
699 1949 943 1993 Chagnoaldus
985 1948 1040 1992 [in
1076 1947 1283 1990 quibusdam
1326 1947 1498 1980 codicibus
1540 1953 1591 1981 est

232 2005 445 2049 Canoaldus]
475 2005 637 2038 Lauduni
662 2004 799 2037 Clanati
816 2003 984 2046 pontifex,
1010 2004 1070 2046 qui
1097 2003 1171 2047 ejus
1198 2003 1357 2036 minister
1382 2008 1416 2036 et
1442 2003 1591 2046 discipu-

231 2064 284 2094 lus
312 2062 436 2099 fuerat,
472 2072 550 2093 cum
586 2061 622 2093 in
652 2071 765 2092 eremo
792 2059 949 2102 precibus
976 2064 1009 2092 et
1030 2059 1166 2103 jejunio
1192 2069 1317 2092 vacans
1343 2059 1590 2097 deambularet,

232 2128 331 2160 saepe
350 2127 439 2155 eum,
460 2127 495 2148 se
513 2117 736 2159 inspectante,
758 2114 848 2147 feras
870 2115 1000 2148 belluas
1026 2120 1059 2148 et
1083 2125 1163 2148 aves
1189 2115 1394 2154 accersiisse,
1418 2115 1516 2148 illum
1535 2126 1592 2147 ve-

233 2185 271 2206 ro
303 2173 429 2205 blanda
458 2183 564 2204 manu
590 2183 646 2204 eas
672 2175 882 2209 attrectasse,
908 2170 1066 2215 ferasque
1091 2176 1125 2204 et
1151 2181 1231 2204 aves
1256 2171 1343 2203 mire
1369 2171 1592 2204 laetabundas

234 2234 267 2262 et
285 2228 504 2266 1udibundas,
531 2233 571 2261 ut
589 2228 699 2260 solent
717 2228 821 2260 catuli
847 2238 961 2260 coram
987 2227 1136 2260 dominis
1162 2227 1244 2266 suis,
1271 2228 1464 2265 exultasse3
1492 2237 1592 2269 saepe

234 2286 337 2317 etiam
356 2284 454 2316 illum
473 2284 515 2316 ab
533 2283 711 2316 altissimis
729 2283 908 2316 arboribus
927 2294 1084 2316 evocasse
1102 2283 1243 2321 sciuros,
1268 2283 1427 2315 manibus
1452 2292 1509 2314 eos
1533 2292 1591 2324 ap-

235 2340 466 2383 prehendisse,
479 2340 564 2373 collo
578 2350 640 2373 suo
656 2339 869 2382 imposuisse,
884 2344 987 2382 atque
1002 2340 1077 2372 illos
1089 2339 1125 2371 in
1136 2339 1250 2372 sinum
1265 2338 1339 2382 ejus
1351 2343 1384 2371 et
1398 2338 1545 2371 intrasse
1558 2342 1591 2369 et
