1861 2682
279 260 339 289 164
650 260 877 292 HISTORIA
902 261 1266 292 ECCLESIASTICA

280 352 428 394 scopalia
463 352 598 391 obiisse,
635 353 738 394 idque
768 351 892 393 probat
919 362 962 383 ex
992 351 1077 384 actis
1106 352 1233 384 ibidem
1264 351 1366 384 MSS.
1395 357 1429 384 et
1459 363 1501 384 ex
1529 352 1635 386 Vere-

280 408 408 440 inundo
433 408 651 451 presbytero:
678 418 799 439 verum
825 412 887 445 est,
914 410 1043 449 postea,
1071 407 1143 438 ritu
1167 408 1281 449 gentis
1308 412 1454 450 recepto,
1482 409 1635 452 trajecis—

279 476 314 496 se
339 465 375 496 iu
403 464 621 502 Hiberniam,
649 468 753 506 atque
779 463 826 495 ibi
853 462 1055 505 aliquandiu
1081 461 1288 499 substitisse,
1315 463 1506 506 exindeque
1534 472 1568 497 et
1594 475 1636 496 ex

279 520 400 552 insulis
428 524 487 552 aut
523 530 564 551 ex
594 519 727 562 Anglia
757 527 829 550 XII.
859 518 1000 550 comites
1029 517 1094 550 sibi
1120 517 1317 556 adscivisse,
1344 522 1383 551 ut
1409 520 1634 561 apostolicum

278 586 363 618 opus
378 576 634 619 aggrederetur,
650 586 687 606 ac
705 579 779 606 tum
799 574 949 616 quidem,
970 574 1034 605 hoc
1053 572 1220 605 comitatu
1234 574 1528 607 sanctissimorum
1546 576 1635 608 viro-

278 642 355 664 rum
375 633 526 668 collecto,
551 631 677 663 iterum
701 631 804 662 rediit
827 631 862 661 in
887 629 1049 667 scotiam,
1075 633 1109 660 et
1132 627 1312 661 Lismorae
1335 630 1553 674 evangelium
1579 642 1636 663 ex-

278 688 404 729 plicare
423 686 544 728 coepit.
581 685 710 726 Philip.
731 685 867 717 Ferrar.
888 692 959 716 ΠΧ.
979 684 1102 716 Martii
1120 684 1157 716 in
1175 683 1234 716 SS.
1255 684 1386 723 Italiae,
1405 686 1464 728 qui
1483 687 1635 719 maxima

277 743 351 786 ejus
370 742 535 774 miracula
554 741 680 773 ibidem
700 740 813 778 habet,
832 744 872 772 ut
890 744 924 772 et
942 739 1103 777 Ghinius‚
1121 743 1155 771 et
1173 739 1298 772 Petrus
1322 741 1380 773 lib.
1401 750 1451 773 1v.
1477 741 1635 786 Catalogi

277 809 350 841 cap.
371 805 507 829 CXLIV.
526 801 577 834 ut,
596 807 673 828 cum
692 801 794 828 natus
813 800 912 833 esset,
931 806 1083 828 marmor
1100 795 1211 838 capite
1228 797 1463 838 percussisset,
1481 798 1568 840 lapis
1587 803 1635 830 te-

275 855 365 886 nello
383 852 486 895 capiti
505 853 616 890 cessit,
641 853 777 884 mollior
794 863 881 890 cera,
900 852 1096 894 recepitque
1120 851 1242 893 capitis
1269 851 1437 896 figuram3
1464 857 1539 885 tum
1563 864 1634 886 ma-

277 915 363 942 trem
387 919 428 941 ex
452 908 568 941 dolore
594 912 715 950 partus
741 908 985 945 exanimatam,
1012 907 1129 939 eodem
1155 907 1192 939 in
1218 908 1292 939 loco
1317 909 1479 950 amplexu
1505 920 1566 942 suo
1592 911 1635 942 ad

275 965 383 997 vitam
401 964 598 1002 revocavit3
622 964 708 996 duos
726 963 876 995 infantes
894 975 914 995 a
932 969 1042 995 morte
1060 963 1253 1001 suscitavit,
1272 964 1424 1005 leprosos
1441 966 1634 1004 mundavit,

276 1032 314 1053 ac
338 1021 476 1052 demum
500 1031 519 1052 a
541 1019 667 1052 Sancto
686 1019 790 1051 Petro
816 1019 851 1050 in
878 1019 1007 1051 somnis
1033 1019 1196 1056 monitus,
1224 1019 1259 1051 in
1286 1018 1424 1052 Italiam
1450 1020 1633 1063 profectus,

277 1076 420 1108 Tarenti
439 1075 550 1108 factus
570 1075 760 1117 episcopus,
784 1080 818 1107 et
842 1075 942 1106 vivus
966 1080 1000 1107 et
1026 1080 1183 1107 mortuus
1206 1075 1365 1118 gloriosis
1389 1076 1633 1109 miraculorum

276 1132 408 1164 actibus
427 1132 599 1174 apparuit.
651 1130 775 1162 Dicere
794 1135 908 1163 autem
929 1141 1007 1162 eum
1027 1130 1223 1162 Hibernum
1248 1135 1338 1169 ortu,
1367 1139 1419 1163 est
1444 1132 1537 1163 omni
1564 1132 1634 1165 his-

276 1188 383 1220 toriae
402 1187 649 1219 ecclesiasticae
669 1187 743 1218 luce
761 1187 915 1224 destitui,
940 1197 1019 1219 nani
1043 1197 1104 1218 nec
1130 1190 1211 1218 tunc
1235 1187 1386 1228 quidem,
1410 1198 1471 1218 nec
1495 1192 1632 1220 centum

275 1244 421 1287 triginta
439 1253 547 1275 annos
567 1247 696 1285 postea,
715 1243 806 1274 ullus
826 1241 1022 1274 Catholicae
1040 1241 1117 1273 fidei
1138 1241 1342 1274 Hirlandiae
1360 1242 1478 1275 radius
1502 1244 1631 1282 illuxit,

276 1303 315 1331 ut
333 1310 374 1331 ex
392 1298 474 1331 Vita
493 1298 609 1330 Sancti
633 1298 775 1329 Patricii
795 1297 887 1329 Scoti
912 1302 1065 1339 apparet,
1089 1297 1148 1339 qui
1173 1297 1306 1338 primus
1331 1298 1424 1330 illius
1441 1299 1555 1342 gentis
1574 1310 1634 1332 an-

276 1366 320 1387 no
359 1364 514 1387 CCCXCI.
553 1355 728 1396 apostolus
759 1353 1016 1385 conversionem
1053 1352 1226 1384 tentavit:
1264 1352 1416 1386 viderint
1449 1364 1532 1397 ergo
1566 1356 1632 1388 viri

276 1411 367 1443 docti
394 1411 566 1453 quomodo
590 1409 766 1446 Cataldus,
795 1409 850 1440 vir
879 1409 963 1441 adeo
987 1408 1205 1450 apostolicus.
1232 1408 1323 1439 inter
1348 1408 1501 1441 ethnicos
1527 1411 1632 1448 nasci,

275 1477 336 1499 nec
354 1466 475 1498 deinde
493 1467 528 1497 in
544 1465 607 1497 fide
625 1466 762 1502 instrui,
781 1476 867 1507 quae
886 1465 935 1496 illi
959 1465 1023 1496 toti
1046 1464 1142 1507 genti
1165 1464 1294 1507 ignota,
1316 1464 1440 1505 potuit.
1492 1464 1632 1498 Scotum

277 1533 358 1566 ergo
375 1521 482 1554 fuisse
500 1526 646 1563 oportet,
665 1526 698 1553 et
717 1521 751 1552 id
766 1521 899 1553 ratione
913 1520 1061 1558 firmum,
1077 1519 1140 1552 etsi
1155 1523 1311 1551 auctores
1327 1519 1492 1553 deessent.
1521 1520 1633 1564 Scrip-

277 1579 321 1610 sit
340 1578 393 1610 vir
411 1582 548 1610 sanctus

422 1633 593 1665 Homilias
612 1634 654 1665 ad
673 1633 846 1675 Populum
1237 1631 1295 1664 lib.
1316 1641 1340 1664 Ι.

423 1688 475 1721 De
493 1688 694 1721 Vis-ionibus
713 1689 784 1720 suis
1237 1688 1295 1720 lib.
1316 1697 1340 1720 Ι.

326 1745 460 1777 Floruit
480 1755 570 1776 anno
588 1752 745 1776 CCCLXI.
764 1744 823 1786 qui
843 1754 952 1775 annus
971 1748 1033 1780 est,
1051 1748 1089 1776 ut
1108 1749 1203 1786 puto,
1223 1744 1458 1786 depositionis.
1496 1744 1632 1777 Colitur

278 1801 397 1833 diebus
421 1809 492 1832 nx.
517 1800 649 1837 Martii,
673 1799 809 1831 Ferrar.
837 1804 871 1831 et
898 1808 969 1831 ΠΧ.
996 1804 1030 1831 et
1056 1808 1094 1832 X.
1123 1799 1221 1837 Maii,
1249 1799 1353 1831 Ghin.
1381 1798 1474 1832 Acta
1500 1800 1629 1833 Eccles.

278 1856 497 1888 Tarentinae.
550 1855 602 1887 De
637 1855 763 1887 sanctis
796 1854 905 1887 Scotis
938 1855 1137 1887 Italicarum
1168 1855 1349 1886 civitatum
1381 1857 1546 1897 patronis,
1574 1868 1630 1888 ex-

278 1912 539 1944 cellentissimus
559 1910 739 1943 Galeottus
759 1910 873 1948 Picus,
893 1910 1111 1942 Mirandulae
1130 1910 1307 1952 princeps:

533 2027 597 2054 Lux
611 2027 749 2058 tenebras,
764 2035 861 2053 aurum
877 2024 1032 2061 plumbum,
1048 2024 1086 2051 sic
1103 2024 1193 2052 scotia
1210 2025 1310 2052 lernen

570 2072 676 2104 Vincit,
693 2072 826 2101 doctrina,
841 2070 994 2106 relligione,
1011 2070 1084 2096 viris.

533 2118 613 2145 Clara
628 2117 732 2144 etenim
749 2117 870 2143 Innocuo
884 2116 973 2152 pietas
988 2122 1031 2142 est
1048 2116 1165 2143 Romula
1179 2117 1276 2153 primo,

570 2163 625 2194 Tu,
642 2163 776 2193 Bonifaci,
791 2162 843 2189 isto
857 2161 946 2188 clarus
961 2162 989 2188 in
1004 2162 1067 2189 orbe
1082 2162 1163 2193 nites,

531 2208 663 2245 Cyriacus
677 2207 786 2235 decorat
800 2207 902 2237 sedem,
918 2212 1000 2243 atque
1015 2213 1128 2234 exornat
1143 2208 1274 2235 eandem:

574 2253 660 2280 Multi
675 2253 721 2280 alii
736 2263 869 2290 proceres,
884 2253 1072 2289 purpureique
1086 2259 1186 2289 patres.

533 2299 603 2326 Inde
618 2299 779 2326 Tarentinis
794 2299 884 2335 pergit
899 2298 1004 2325 radiare
1020 2299 1162 2329 Cataldus,

570 2344 699 2372 Donatus
715 2344 818 2381 Lupios
832 2345 918 2371 frater
933 2349 961 2371 et
975 2344 1040 2371 inde
1056 2344 1152 2376 docet3
