1861 2682
299 237 361 267 286
671 239 896 270 HISTORIA
921 239 1285 271 ECCLESIASTICA

303 329 358 362 hic
377 330 476 368 vixit,
494 335 534 362 ut
551 330 766 372 praecedens,
784 331 842 362 sed
861 332 897 361 in
916 329 1038 368 Gallia,
1059 336 1091 362 et
1112 330 1230 363 Trecis
1260 332 1397 374 quidem
1415 342 1423 370 ;
1451 343 1512 365 nec
1537 335 1656 366 eremi-

304 391 339 417 ta
373 390 434 417 aut
468 385 742 422 archidiaconus,
777 385 835 417 sed
866 385 981 422 abbas,
1013 390 1084 423 aut,
1111 391 1151 418 ut
1178 387 1266 418 male
1293 385 1501 427 Galesinius,
1529 389 1657 431 episco-

302 451 377 482 pus,
404 446 444 473 ut
461 446 581 473 contra
605 451 684 473 eum
710 440 817 473 sentit
844 440 1015 473 Baronius
1043 441 1085 473 ad
1115 441 1407 486 Martyrologiuin
1436 443 1654 476 Romanum:

303 497 406 529 habet
430 497 467 528 in
493 496 701 540 Burgundia
726 496 899 528 ecclesiam
927 507 989 528 suo
1015 497 1146 528 nomini
1173 497 1332 535 dicatam,
1364 498 1423 530 ubi
1452 510 1576 542 corpus
1606 510 1656 531 re-

303 552 458 595 quiescit,
489 557 523 584 et
551 552 654 584 aliani
683 552 718 583 in
749 562 788 583 ea
815 555 912 593 parte
940 551 1168 595 Argathaliae
1198 552 1233 584 iu
1262 553 1388 592 Scotia,
1414 565 1504 597 quae
1530 555 1657 587 dicitur

305 607 510 650 Knapdalia.

352 663 488 696 Claruit
505 674 596 695 anno
614 671 767 695 DCXVII.
812 662 948 695 Colitur
966 672 1051 695 XXI.
1072 663 1169 696 Maii.
1215 664 1357 697 Praeter
1375 667 1542 704 laudatos,
1562 666 1656 698 Beda

304 725 337 752 et
355 720 444 757 Ado,
465 730 541 752 cum
563 718 713 751 Molano.

762 830 795 862 S.
824 830 1072 863 FINIANUs.
1124 834 1202 865 521.

304 944 337 975 S.
368 944 570 976 FINIANUS
605 942 728 975 Scotus
763 943 878 981 abbas,
914 943 1071 975 diversus
1101 944 1144 976 ab
1177 944 1253 976 aliis
1282 945 1341 987 qui
1371 946 1488 978 eodem
1519 946 1658 978 nomine

306 1011 410 1043 supra
436 1004 642 1037 censentur;
670 1010 731 1031 nec
757 1010 874 1031 rarum
901 1004 953 1031 est
979 1000 1015 1031 in
1042 1004 1159 1032 nostra
1182 1007 1285 1043 gente
1315 1007 1451 1034 sanctos
1478 1003 1658 1045 plerosque

304 1068 373 1089 uno
391 1056 529 1088 nomine
555 1060 589 1087 et
614 1055 731 1088 eodeni
759 1055 1023 1097 deprehendere,
1051 1062 1091 1088 ut
1121 1056 1156 1088 in
1183 1056 1394 1096 Colmannis,
1420 1057 1655 1096 Colunibanis,

304 1113 469 1156 Brigidis,
488 1112 647 1149 Donatis,
665 1115 699 1144 et
717 1111 793 1143 aliis
808 1112 937 1154 liquet:
964 1122 1067 1153 porro
1086 1112 1140 1144 hic
1159 1113 1318 1145 omnibus
1342 1114 1419 1146 aliis
1444 1114 1549 1156 prior,
1576 1124 1655 1146 nam

303 1179 345 1200 ex
363 1168 572 1200 Keldeorum
591 1178 715 1210 genere
732 1172 848 1199 ortum
866 1168 984 1199 scribit
1004 1166 1245 1200 Veremundus
1272 1169 1364 1211 apud
1385 1168 1407 1200 J
1410 1180 1554 1201 oannem
1582 1168 1657 1200 Sin-

305 1225 445 1256 clarum.
496 1223 643 1266 Scripsit

446 1279 499 1312 De
517 1279 601 1312 Vita
618 1279 651 1312 S.
673 1278 818 1312 Eusebii
1244 1280 1300 1312 lib.
1322 1288 1345 1312 Ι.
1365 1284 1399 1312 et
1417 1280 1495 1312 alia.

353 1335 490 1369 Floruit
503 1346 594 1368 anno
606 1343 748 1368 CCCCII.
784 1334 920 1368 Colitur
932 1344 1034 1367 XXII.
1052 1335 1154 1368 Febr.
1191 1335 1656 1379 Martyrolog.Carthusian.

757 1446 790 1479 S.
818 1446 1071 1479 FIRMINUS.
1123 1449 1202 1480 522.

307 1562 340 1594 S.
363 1561 569 1594 FIRMINUS
594 1560 726 1597 Scotus,
752 1560 787 1591 in
809 1560 922 1602 patria
947 1559 990 1591 ab
1014 1558 1048 1591 S.
1079 1558 1236 1591 Honesto
1254 1560 1456 1602 presbytero
1479 1560 1657 1597 educatus,

307 1618 349 1650 ad
376 1617 409 1650 S.
436 1618 668 1654 Honoratum,
696 1615 910 1648 Tolosanum
933 1616 1144 1658 episcopum,
1170 1615 1308 1654 missus,
1333 1617 1460 1649 multos
1485 1617 1522 1648 in
1546 1615 1657 1658 Aqui-

306 1674 401 1706 tania
424 1674 467 1706 ad
489 1673 590 1705 fidem
618 1672 800 1710 convertit,
825 1677 866 1704 ut
890 1673 925 1704 in
950 1683 986 1704 re
1012 1672 1105 1704 illius
1131 1673 1244 1715 gentis
1275 1673 1451 1715 apostolus
1478 1672 1657 1709 habeatur,

306 1736 339 1762 et
367 1729 551 1774 Andegavi
576 1729 688 1772 spatio
711 1737 776 1760 XL.
808 1728 941 1760 dierum
967 1728 1035 1760 tria
1059 1728 1168 1760 millia
1193 1728 1372 1760 hominum
1399 1728 1442 1760 ab
1466 1738 1579 1760 errore
1606 1739 1657 1760 re-

309 1786 427 1824 traxit,
446 1790 479 1818 et
504 1785 711 1828 baptismate
728 1783 896 1826 perfudit,
915 1789 955 1816 ut
972 1785 1040 1816 late
1058 1788 1179 1816 narrat
1197 1783 1323 1816 Petrus
1350 1783 1408 1815 lib.
1429 1792 1515 1815 V111.
1546 1785 1658 1827 capite

308 1850 418 1874 cxlx.
454 1842 591 1873 demum
634 1839 848 1872 Ainbianum
886 1840 1030 1882 appulit,
1075 1845 1108 1872 et
1142 1841 1275 1882 primus
1309 1839 1402 1871 illius
1436 1840 1473 1871 in
1508 1839 1656 1871 Morinis

307 1898 546 1931 celeberrimae
580 1897 732 1929 civitatis
763 1896 953 1938 episcopus,
989 1901 1027 1928 ut
1057 1894 1287 1927 Demochares
1323 1899 1357 1927 et
1390 1895 1550 1932 tabulae3
1581 1899 1656 1927 tum

307 1966 326 1986 a
344 1954 546 1987 Rictionaro
564 1953 730 1996 praeside,
751 1963 793 1984 ne
810 1952 906 1994 plebs
932 1951 1122 1983 tumultum
1148 1951 1347 1988 concitaret,
1374 1951 1410 1982 iu
1440 1961 1574 1983 carcere
1601 1951 1658 1983 de-

307 2011 424 2042 collari
438 2010 570 2053 jussus,
588 2008 749 2051 martyrii
767 2008 919 2050 palmam
937 2006 1098 2050 gloriosis
1117 2006 1277 2048 operibus
1295 2007 1458 2049 percepit.
1495 2011 1515 2025 ‘⁶
1534 2006 1575 2039 In
1594 2006 1657 2039 Hi-

307 2066 444 2098 berniae
469 2065 627 2108 partibus
653 2064 768 2096 ortus'’
794 2062 986 2106 hagiologis
1013 2062 1150 2100 dicitur,
1179 2063 1261 2104 quia
1285 2063 1413 2095 scilicet
1441 2063 1547 2104 priori
1574 2073 1658 2095 aevo

308 2133 327 2154 a
345 2121 570 2164 scriptoribus
590 2119 763 2152 Hibernia
786 2119 939 2151 sumitur
961 2129 1023 2160 pro
1050 2117 1176 2156 Scotia,
1201 2122 1241 2150 ut
1259 2118 1295 2150 in
1314 2118 1569 2161 Martyrologio
1588 2118 1658 2151 Ro-

307 2188 420 2216 mano,
447 2177 529 2220 quia
556 2176 685 2208 scilicet
711 2174 827 2207 Scotia
849 2175 987 2216 duplex,
1014 2175 1116 2216 plana
1150 2184 1212 2206 seu
1239 2174 1453 2216 campestris,
1486 2173 1656 2206 Hibernia

308 2244 368 2265 seu
385 2238 561 2270 montana,
580 2237 620 2264 ut
638 2235 771 2269 notum,
790 2235 824 2263 et
841 2230 923 2262 alibi
949 2229 1013 2262 hoc
1039 2240 1139 2271 opere
1164 2229 1264 2268 fuse3
1291 2235 1331 2261 ut
1354 2229 1514 2261 omittam
1541 2234 1658 2262 aucto-

308 2290 445 2322 ritatem
464 2287 712 2321 Scotichronici
729 2286 788 2319 lib.
805 2294 855 2318 IV.
872 2297 945 2329 cap.
964 2293 1018 2317 IX.
1039 2290 1059 2303 ⁴⁶
1075 2285 1151 2318 Hoc
1165 2291 1318 2328 tempore
1333 2284 1512 2318 Firminus
1526 2285 1562 2317 in
1576 2284 1658 2317 Gal-
