1861 2682
242 274 300 303 150
613 272 837 304 HISTORIA
862 271 1223 304 ECCLESIASTICA

241 365 387 403 titatem,
407 363 494 397 nihil
513 365 555 397 ad
574 368 728 406 posteros
747 374 903 396 manasse
921 363 1031 395 credo.

290 421 387 453 Obiit
405 432 494 453 anno
513 428 618 452 DCVI.
637 420 792 461 sepultus
809 418 905 451 Duni
923 419 959 450 in
978 417 1158 455 Hibernia,
1184 423 1224 449 ut
1249 428 1292 449 ex
1318 418 1461 461 vulgato
1489 418 1597 460 epita-

242 477 324 519 phio
341 476 574 513 manifestum,
592 475 691 518 cujus
709 474 809 507 fidem
827 473 999 506 infirmam
1017 473 1080 505 hoc
1098 483 1200 515 opere
1218 472 1372 515 probavi.

705 585 739 617 S.
767 584 998 618 COMINUS.
1051 586 1131 616 250.

243 699 276 731 S.
296 698 481 731 COMINUS
498 699 613 737 abbas,
632 698 821 739 discipulus
840 695 874 728 S.
888 695 1086 733 Columbae,
1101 696 1142 728 de
1156 707 1224 738 quo
1238 695 1260 728 J
1263 707 1338 728 oan.
1356 695 1520 729 Leslaeus
1536 696 1594 729 lib.

243 763 295 787 1v.
313 765 393 798 pag.
413 763 512 786 XLII.
533 754 580 787 H.
599 753 768 786 Boethius
786 751 845 784 lib.
866 760 920 783 lx.
939 762 1017 795 pag.
1038 759 1173 784 CLXVI.
1199 757 1219 770 “
1238 751 1373 784 Venere
1391 763 1468 785 cum
1487 764 1526 785 eo
1545 752 1594 794 (S.

243 809 424 853 Columba)
437 810 472 841 in
485 809 669 842 Albionem
681 808 748 840 viri
760 808 939 840 duodecim
950 807 1079 840 Christi
1094 808 1254 852 dogmate
1266 808 1449 852 insigniter
1459 808 1596 846 imbuti,

242 866 300 898 sed
317 866 427 909 magis
446 866 547 909 longe
564 864 791 898 sanctissimis
809 864 958 896 decorati
977 863 1141 903 moribus,
1161 864 1341 896 Bathenus
1367 868 1401 896 et
1419 863 1597 902 Cominus,

242 922 312 964 qui,
331 926 409 963 post
427 920 615 954 Columbae
633 921 776 958 exitum,
795 919 1041 952 monachorum
1059 920 1218 952 claustris
1236 919 1400 962 praefecti
1414 920 1505 952 inter
1520 919 1598 952 Sco-

242 982 294 1010 tos
312 976 405 1009 haud
423 977 592 1009 mediocre
613 976 745 1009 Christi
763 975 921 1008 ecclesiae
939 975 1041 1008 decus
1059 976 1236 1008 attulere.’'
1271 975 1380 1008 Fama
1398 980 1492 1008 tenet
1510 975 1599 1008 anti-

242 1033 419 1076 quissima,
446 1032 572 1065 Deirae
597 1032 806 1065 monasterio
831 1031 1066 1074 praepositum
1093 1031 1184 1064 hunc
1210 1042 1280 1064 non
1305 1032 1379 1065 sine
1405 1031 1600 1065 sanctitatis

242 1088 401 1131 opinione
420 1088 611 1121 Murthlaci
630 1088 748 1120 obiise.
799 1087 890 1131 Ejus
908 1092 1010 1120 sunt:

387 1144 440 1176 De
458 1155 540 1176 vera
557 1143 691 1176 Pietate
970 1143 1029 1176 lib.
1050 1152 1073 1176 1.
1101 1143 1277 1177 Bostonus
1296 1143 1489 1177 Buriensis.

387 1200 428 1232 In
446 1198 684 1242 Apocalypsin
974 1200 1032 1232 lib.
1053 1209 1076 1231 Ι.

291 1256 428 1289 Floruit
447 1266 501 1287 an.
523 1263 687 1288 DCXLVI.
702 1256 738 1288 in
750 1259 948 1288 sanctorum
966 1256 1095 1287 relatus
1110 1265 1304 1293 numerum,
1316 1254 1462 1287 Arnold.
1479 1254 1597 1287 Uvion

242 1311 298 1344 lib.
319 1320 377 1344 111.
396 1311 474 1356 Lig.
492 1311 565 1345 Vit.
583 1323 662 1355 pag.
683 1319 871 1343 ccccxm.
890 1311 945 1342 die
964 1318 1046 1342 XVI.
1065 1309 1205 1342 Octobr.
1225 1310 1410 1353 Martyrol.
1429 1310 1536 1354 Angl.

491 1422 526 1455 S.
553 1421 756 1460 CLARUS,
784 1430 855 1454 SEU
882 1420 1217 1454 GUILLERMUS.
1270 1424 1350 1454 251.

244 1535 528 1573 GUILLERMUS,
547 1534 662 1567 Scotia
679 1534 809 1572 relicta,
827 1533 934 1566 vitam
954 1533 1162 1565 eremiticam
1183 1533 1218 1564 in
1237 1532 1359 1566 Galliis
1383 1538 1523 1566 acturus
1550 1538 1601 1566 to-

245 1599 319 1624 tum
333 1602 368 1624 se
383 1591 505 1634 pietati
529 1590 746 1633 speculatrici
764 1589 953 1632 impendit:
971 1589 1161 1620 multorum
1180 1590 1342 1622 caecitate
1360 1589 1528 1622 divinitus
1543 1600 1600 1622 cu-

245 1652 331 1686 rata,
349 1652 383 1680 et
402 1647 565 1680 restituto
583 1647 761 1679 oculorum
777 1656 844 1678 usu
861 1645 1044 1688 plerisque,
1063 1649 1097 1677 et
1116 1645 1152 1676 in
1170 1644 1223 1677 his
1242 1645 1400 1677 dominae
1415 1645 1489 1683 loci,
1505 1645 1598 1677 Clari

246 1715 370 1736 nomen
385 1703 528 1736 sortitus
543 1707 604 1741 est,
619 1702 811 1744 coliturque
824 1702 860 1733 in
873 1711 962 1744 pago
978 1700 1173 1738 Neustriae,
1189 1700 1325 1743 publico
1340 1700 1599 1744 Rhotomagum

246 1761 378 1797 itincre,
397 1759 509 1802 quiet
527 1769 653 1791 nomen
681 1758 724 1791 ab
750 1768 789 1790 eo
811 1758 951 1799 accepit.
980 1755 1081 1789 Hect.
1110 1756 1278 1788 Boethius
1303 1756 1361 1788 lib.
1382 1764 1436 1788 IX.
1464 1755 1598 1788 Histor.

246 1816 379 1848 Scotiae
398 1826 477 1859 pag.
497 1823 653 1847 CLXXII.
680 1818 701 1832 “
719 1813 851 1846 Eodem
871 1812 1032 1857 Eugenio
1050 1818 1226 1856 regnante,
1250 1811 1461 1844 Guillermus
1480 1817 1514 1845 et
1536 1812 1601 1845 Co-

246 1872 440 1909 lumbanus,
461 1871 567 1903 veteri
586 1869 766 1902 Scotorum
784 1873 965 1902 stemmate
983 1868 1147 1912 insignes,
1166 1878 1265 1899 verae
1289 1868 1448 1911 religioni
1473 1868 1599 1906 devoti,

246 1929 281 1960 in
309 1927 422 1960 Gallia
448 1927 557 1958 multa
582 1925 693 1958 habiti
717 1929 799 1958 sunt
825 1923 1075 1957 vene1·atione.”
1137 1923 1284 1955 Arnold.
1312 1923 1428 1955 Uvion
1454 1923 1512 1956 lib.
1542 1932 1600 1956 111.

247 1983 324 2027 Lig.
344 1982 417 2015 Vit.
437 1994 515 2026 pag.
535 1990 715 2014 ccxxvn.
767 1985 787 1999 “
805 1979 847 2012 In
865 1979 1057 2012 Normania
1080 1979 1114 2011 S.
1138 1978 1232 2011 Clari
1256 1979 1426 2017 monachi,
1451 1984 1485 2012 et
1511 1990 1601 2012 mar-

248 2038 367 2081 ty1·is.”
402 2037 535 2070 Eadem
550 2037 712 2069 Molanus
727 2035 891 2068 addition.
911 2035 953 2067 ad
968 2035 1117 2068 Usuard.
1132 2035 1192 2078 qui
1210 2035 1317 2073 addit,
1336 2039 1356 2054 ‘⁶
1371 2035 1412 2067 de
1430 2036 1505 2080 ejus
1523 2046 1600 2078 pas-

213 2136 215 2139 .
247 2095 341 2127 sione
359 2104 551 2126 sermonem
573 2092 607 2124 N
610 2092 709 2125 icolai
727 2092 768 2124 de
786 2090 871 2123 Nise
889 2091 1037 2123 extare.''
1086 2090 1325 2123 Asservantur
1348 2092 1383 2124 in
1403 2092 1522 2124 eodem
1540 2102 1599 2134 op-

247 2150 327 2193 pido
345 2149 514 2192 quaedam
533 2148 606 2192 ejus
625 2147 821 2185 memoriae,
845 2151 879 2179 et
903 2147 939 2178 in
962 2147 1016 2180 his
1040 2158 1151 2190 nuper
1176 2148 1249 2190 ipse
1268 2147 1340 2180 vidi
1359 2147 1595 2180 membranam

248 2205 529 2243 vetustissimam,
548 2215 586 2237 ac
603 2205 705 2246 plane
723 2213 867 2241 erosam,
885 2203 997 2247 longis
1016 2203 1136 2241 literis,
1154 2214 1192 2235 ac
1210 2214 1316 2236 manu
1335 2204 1455 2246 ipsius,
1482 2207 1522 2235 ut
1539 2213 1601 2245 pu-

248 2266 353 2301 tatur,
373 2262 558 2304 scriptam:
586 2261 729 2293 titulum
746 2264 884 2292 tantum
903 2259 1038 2302 assequi
1057 2259 1166 2302 potui,
1185 2259 1245 2301 qui
1263 2259 1489 2302 praeferebat,

389 2317 510 2350 Divini
529 2316 640 2349 Officii
659 2315 843 2349 Formulae
1107 2315 1166 2347 lib.
1188 2323 1211 2346 1.
